2804 4786
190 120 348 186 imbribus
370 128 404 184 ct
426 116 530 184 calido
551 117 627 182 solis
647 126 796 183 concreta
817 139 952 204 vapore;

188 248 252 311 quo
274 224 382 289 minus
404 231 454 288 est
475 222 594 287 mirum
616 223 645 287 si
667 231 739 286 tum
761 230 839 287 sunt
860 221 957 308 plura
978 230 1087 287 coorta

189 338 224 394 et
245 327 376 404 maiora,
397 348 482 391 nova
503 326 619 392 tellure
640 334 739 412 atque
761 327 894 392 aethere
916 326 1038 392 adulta.

189 430 348 517 principio
368 451 473 516 genus
494 428 633 494 alituum
657 429 828 515 variaeque
850 430 995 495 volucres

189 558 249 601 ova
270 535 498 622 relinquebant
520 534 667 600 exclusae
689 543 835 620 tempore
857 555 964 610 verno,

189 639 346 706 folliculos
368 647 407 704 ut
429 660 515 703 nunc
537 639 650 704 teretis
672 646 796 704 aestate
818 638 946 704 cicadae

190 742 315 807 lincunt
337 749 453 826 sponte
475 763 534 806 sua
556 740 678 805 victum
700 741 866 826 vitamque
889 750 1049 828 petentes

189 855 260 910 turn
283 844 344 909 tibi
367 853 453 908 terra
475 843 567 909 dedit
589 844 730 930 primum
753 845 902 909 mortalia
924 844 1036 910 saecla.

189 948 313 1012 multus
336 946 423 1011 enim
445 946 530 1010 calor
551 955 650 1032 atque
673 969 766 1012 umor
787 947 962 1033 superabat
984 947 1019 1011 in
1042 948 1135 1013 arvis,

189 1053 248 1116 hoc
271 1051 328 1115 ubi
351 1072 498 1136 quaeque
520 1049 582 1115 loci
603 1051 692 1138 regio
715 1061 898 1136 opportuna
919 1050 1070 1129 dabatur,

189 1154 375 1220 crescebant
398 1154 484 1218 uteri
505 1162 626 1219 terram
647 1153 809 1219 radicibus
830 1153 918 1240 apti3

190 1283 270 1347 quos
291 1259 349 1324 ubi
371 1267 516 1343 tempore
538 1267 666 1323 maturo
687 1259 884 1345 patefecerat
906 1268 1016 1326 aestus

190 1365 351 1429 infantum
374 1363 502 1449 fugiens
524 1384 669 1427 umorem
691 1385 848 1449 aurasque
870 1370 1046 1448 peteesena

189 1467 398 1534 convertebat
419 1466 466 1531 ibi
489 1476 606 1531 natura
628 1466 784 1530 foramina
805 1476 910 1531 terrae

191 1580 225 1636 et
246 1593 359 1635 sucum
384 1568 475 1633 venis
497 1568 632 1656 cogebat
654 1568 789 1633 sundere
812 1568 933 1654 apertis

191 1673 388 1739 consimilem
411 1671 513 1748 lactis,
536 1671 620 1736 sicut
643 1693 729 1735 nunc
751 1671 871 1736 femina
892 1693 1042 1757 quaeque

191 1800 265 1842 cum
287 1776 422 1863 peperit,
444 1775 531 1841 dulci
553 1774 697 1862 repletur
718 1775 809 1852 lacte,
831 1775 917 1861 quod
939 1776 1045 1840 omnis

191 1881 335 1967 impetus
356 1879 391 1944 in
413 1901 570 1944 mammas
592 1880 791 1944 convertitur
810 1878 866 1943 ille
887 1878 1046 1944 alimenti

192 1994 278 2049 terra
300 1983 407 2048 cibum
430 1981 547 2068 pueris,
570 1990 694 2047 vestem
717 2004 824 2067 vapor,
846 1981 948 2046 herba
969 1981 1078 2047 cubile

191 2088 367 2175 praebebat
389 2086 494 2151 multa
516 2094 550 2150 et
572 2085 662 2150 molli
684 2084 838 2171 lanugine
860 2085 1039 2150 abundans.

192 2201 227 2256 at
248 2191 376 2256 novitas
398 2189 512 2254 mundi
534 2210 593 2253 nec
615 2188 734 2276 frigora
756 2188 838 2253 dura
859 2187 966 2253 ciebat

192 2317 251 2361 nec
273 2294 389 2359 nimios
411 2302 520 2358 aestus
541 2314 602 2358 nee
623 2291 750 2379 magnis
772 2291 895 2357 viribus
917 2313 1020 2356 auras.

192 2400 300 2465 omnia
321 2398 408 2464 enim
430 2397 551 2483 pariter
573 2405 721 2462 crescunt
743 2404 777 2461 et
799 2396 911 2461 robora
933 2405 1075 2461 sumunt.
1246 2373 1379 2461 &²⁰

236 2501 344 2583 Quare
367 2500 467 2566 etiam
489 2508 589 2586 atque
611 2499 711 2564 etiam
733 2508 915 2564 maternum
939 2519 1059 2563 nomen
1081 2500 1203 2586 adepta

193 2616 279 2672 terra
300 2612 392 2670 tenet
416 2603 538 2678 merito,
562 2603 714 2688 quoniam
736 2624 840 2689 genus
862 2602 933 2688 ipsa
954 2601 1076 2667 creavit

192 2711 372 2775 humanum
393 2715 493 2792 atque
514 2705 635 2770 animal
657 2727 756 2791 prope
779 2713 867 2770 certo
888 2714 1034 2791 tempore
1056 2705 1144 2770 fudit

193 2834 287 2879 omne
310 2812 395 2898 quod
417 2811 452 2876 in
475 2811 602 2898 magnis
624 2810 801 2876 bacchatur
823 2810 981 2875 montibu’
1003 2810 1134 2896 passim,

192 2917 357 3002 aeriasque
380 2914 476 2980 simul
500 2913 645 2979 volucres
666 2913 858 2978 variantibu’
881 2912 998 2977 formis.
1248 2916 1265 2976 8
1326 2903 1362 2967 ²5

192 3021 249 3085 sed
272 3020 348 3105 quia
370 3019 468 3082 finem
491 3017 633 3103 aliquam
656 3017 802 3103 pariendi
824 3016 923 3081 debet
945 3015 1072 3092 habere,

192 3123 329 3201 destitit,
353 3133 390 3187 ut
413 3122 531 3186 mulier
552 3121 657 3208 spatio
678 3121 803 3186 defessa
825 3129 962 3186 vetusto.

193 3233 301 3290 mutat
323 3223 410 3289 enim
433 3222 547 3288 mundi
568 3231 720 3287 naturam
742 3224 843 3289 totius
864 3232 955 3288 aetas

193 3351 233 3393 ex
255 3327 381 3413 alioque
403 3326 487 3391 alius
508 3334 614 3391 status
636 3326 783 3412 excipere
805 3326 913 3390 omnia
934 3324 1042 3402 debet,

106 3631 178 3682 three
199 3629 397 3694 independently
414 3628 454 3678 lor
470 3631 574 3678 aedunt
596 3631 754 3679 committere.
788 3637 896 3679 tentaret
913 3629 1010 3679 eredere
1027 3628 1117 3679 Lamb.

105 3717 203 3765 miore
215 3715 291 3764 Pont.
303 3714 366 3764 Mar.
381 3714 478 3761 Arane.
489 3710 518 3760 in
530 3715 603 3761 notes
614 3715 642 3760 at
653 3710 703 3761 end
714 3711 742 3761 ol
752 3711 877 3774 Catullus,
892 3712 966 3762 Junt.
978 3711 1019 3761 lor
1028 3713 1132 3761 maiore.

102 3800 220 3862 primum.
253 3800 351 3862 poesim
361 3793 440 3846 Lech.
455 3793 564 3844 without
575 3809 627 3857 any
638 3793 773 3858 necessity.
903 3792 1192 3845 SoetewomABNioo.
1205 3779 1322 3857 fightlJ·
1392 3772 1400 3818 l

106 3886 186 3928 terroe
197 3878 266 3940 vulg.
279 3878 365 3928 before
376 3877 456 3926 Lach.
555 3875 602 3925 809
614 3882 697 3925 aestua
708 3874 789 3926 Laoh.
802 3875 843 3926 lor
854 3882 945 3924 matos.
979 3883 1048 3924 oetas
1060 3873 1126 3924 Mar.
1138 3873 1196 3923 Ald.
1210 3873 1224 3922 1
1235 3855 1320 3922 Jissll·
1388 3856 1398 3896 l

105 3959 173 4022 vulg.
278 3959 326 4007 812
341 3960 378 4006 nt
393 3955 461 4006 mor.
476 3957 508 4005 31
524 3955 613 4006 camb.
626 3955 666 4006 for
680 3959 721 4006 ru.
828 3957 876 4006 aaa
892 3954 1253 4008 aurmarnar.mr.1runu
1272 3940 1317 4028 fef
1384 3936 1400 3980 l

105 4043 201 4090 ouium.
235 4043 334 4089 animoa
349 4039 372 4089 Δ
386 4034 664 4088 mastrucarum
679 4052 742 4087 mss.
775 4041 891 4088 animam
901 4038 989 4088 Walr.:
1005 4036 1053 4087 but
1068 4039 1185 4088 calamna
1199 4035 1223 4087 is
1236 4032 1312 4085 fessfl·
1377 4012 1400 4086 ,l

106 4124 294 4175 nineinLuor.
426 4123 582 4186 824mo9m'c
593 4121 663 4172 Flor.
675 4123 707 4171 31
719 4121 807 4172 (lamb.
822 4119 893 4171 Mon.
905 4121 980 4171 Pont.
992 4120 1032 4170 lor
1044 4121 1138 4183 mopni.
1257 4102 1307 4162 895
1375 4095 1400 4144 ff

1395 3694 1400 3727 l
