2834 4792
113 227 174 308 178
686 225 735 290 IV

112 402 171 469 545
197 395 231 451 et
255 385 370 451 validis
392 386 485 472 cycni
507 386 706 451 torrentibus
728 409 768 451 ex
792 387 958 452 Heliconis

196 511 272 554 cum
294 489 450 576 liquidam
473 489 594 554 tollunt
616 489 748 576 lugubri
769 512 846 554 voce
868 491 1054 576 querellam

240 591 347 656 Hasce
370 591 473 678 igitur
493 591 626 677 penitus
650 614 744 657 voces
765 615 840 657 oum
862 615 992 678 corpore
1014 603 1126 658 nostro

196 694 406 780 exprimimus
427 703 579 781 rectoque
602 696 685 760 foras
707 696 887 762 emittimus
910 720 972 772 ore,
1256 713 1269 781 5

196 798 325 863 mobilis
347 799 498 864 articulat
521 799 691 864 verborum
714 800 850 866 daedala
871 801 983 887 lingua

116 919 177 985 550
200 904 439 988 formaturaque
462 902 623 968 labrorum
646 926 704 989 pro
726 913 818 990 parte
840 904 968 991 figurat.

117 1024 132 1090 5
139 1023 154 1089 5
160 1027 177 1091 3
201 1008 261 1072 boc
283 1008 341 1073 ubi
362 1031 427 1072 non
450 1008 582 1093 longum
604 1009 780 1094 spatiumst
801 1009 888 1073 unde
910 1031 976 1072 nna
998 1010 1144 1094 profecta

195 1111 364 1196 perveniat
386 1134 447 1175 vox
469 1133 625 1196 quaeque,
648 1120 809 1175 necessest
832 1111 930 1176 verba
952 1134 1082 1198 quoque
1104 1111 1178 1197 ipsa

194 1215 290 1299 plane
313 1213 459 1279 exaudiri
482 1214 684 1299 discernique
707 1213 928 1293 articulatim3
1257 1233 1269 1296 5

196 1326 304 1381 servat
327 1317 413 1382 enim
437 1317 644 1380 formaturam
668 1324 840 1401 servatque
862 1317 1008 1402 figuram.

194 1429 229 1484 at
252 1419 280 1484 si
302 1419 530 1505 interpositum
553 1420 695 1504 spatium
719 1420 762 1483 sit
785 1419 913 1506 longius
935 1442 1048 1505 aequo,

194 1547 270 1589 aera
291 1546 350 1609 per
371 1524 512 1588 multum
535 1523 689 1588 confundi
711 1522 810 1587 verba
833 1532 995 1588 necessest

194 1634 228 1690 ct
250 1624 436 1689 conturbari
459 1647 578 1703 vocem,
600 1625 678 1689 dum
702 1624 882 1689 transvolat
904 1648 1006 1690 auras.

194 1751 270 1816 ergo
292 1728 339 1805 fit,
361 1729 504 1793 sonitum
527 1738 566 1793 ut
588 1729 690 1814 possis
712 1729 833 1794 sentire
856 1752 961 1815 neque
983 1729 1074 1794 illam

193 1833 416 1909 internoscere,
441 1833 607 1898 verborum
630 1833 793 1898 sententia
815 1855 897 1919 quae
919 1833 979 1898 sit:

193 1958 295 2020 usque
318 1935 398 2000 adeo
421 1937 552 2000 confusa
575 1936 667 2000 venit
689 1958 750 1999 vox
775 1936 872 2020 inque
895 1935 1014 2020 pedita.

194 2046 363 2123 practerea
384 2038 520 2102 verbum
542 2060 638 2123 saepe
661 2061 763 2101 unum
786 2038 908 2123 perciet
931 2036 1018 2101 auris

197 2141 347 2206 omnibus
370 2141 403 2205 in
426 2141 554 2226 populo,
578 2141 713 2204 missum
735 2140 901 2225 praeconis
922 2140 964 2205 ab
986 2163 1049 2206 ore.

193 2246 228 2309 in
250 2246 370 2309 multas
393 2244 494 2328 igitur
515 2266 609 2308 voces
631 2266 692 2308 vox
714 2267 781 2308 una
801 2253 936 2329 repente

195 2348 337 2434 diffugit,
359 2347 392 2411 in
415 2347 526 2432 privas
549 2346 700 2432 quoniam
723 2368 757 2411 se
779 2346 896 2411 dividit
919 2347 1005 2411 auris

194 2451 365 2537 obsignans
388 2451 522 2514 formam
545 2449 634 2514 verbi
656 2450 842 2535 clarumque
865 2473 1018 2515 sonorem.

191 2563 226 2618 at
249 2577 332 2639 quae
355 2575 429 2638 para
455 2576 570 2617 vocum
593 2576 656 2617 non
679 2554 766 2618 auris
789 2553 904 2618 incidit
926 2555 1021 2640 ipsas,

193 2657 389 2743 praeterlata
410 2656 496 2741 perit
520 2657 640 2720 frustra
663 2656 780 2720 diffusa
804 2679 862 2742 per
883 2679 985 2721 auras.

192 2783 266 2846 pars
289 2760 398 2824 solidis
420 2761 522 2824 adlisa
545 2760 622 2824 locis
644 2760 765 2825 reiecta
789 2782 934 2825 sonorem

193 2864 300 2928 reddit
323 2873 357 2928 ct
380 2864 544 2928 interdum
569 2866 743 2929 frustratur
765 2864 907 2952 imagine
931 2864 1028 2929 verbi.

193 2990 275 3052 quae
298 2966 380 3031 bene
403 2990 477 3030 cum
500 2967 619 3044 videas
642 2968 800 3032 rationem
823 2968 956 3032 reddere
979 2967 1080 3052 possis

198 3077 270 3134 tute
294 3069 357 3134 tibi
379 3079 477 3156 atque
500 3071 580 3148 aliis,
604 3094 667 3157 quo
689 3080 784 3155 pacto
806 3093 864 3156 per
886 3071 955 3134 loca
976 3071 1043 3134 sola

105 3322 200 3383 mostly
214 3325 258 3371 too
272 3322 366 3372 absurd
383 3326 410 3372 to
427 3323 457 3373 be
474 3323 632 3375 mentioned.
667 3326 836 3389 Berecynthia
853 3328 960 3375 barbara
977 3325 1012 3372 Is.
1030 3324 1104 3374 Voss.
1122 3324 1151 3374 in
1169 3340 1220 3375 ms.
1237 3341 1269 3375 no

105 3406 156 3457 and
168 3406 195 3455 in
209 3405 338 3455 Catullus:
356 3406 526 3468 Berecynthia
538 3420 632 3454 cornua
643 3405 726 3455 Bentl.
859 3407 906 3458 547
918 3409 954 3455 Et
964 3408 1061 3455 validis
1073 3409 1148 3470 cycni
1161 3411 1267 3457 torrenti

105 3503 135 3538 ec
147 3488 278 3537 Heliconis
290 3486 324 3535 Ia.
340 3485 414 3534 Voss.
427 3485 453 3533 in
466 3500 514 3533 ms.
527 3487 599 3533 notes
611 3485 650 3534 for
665 3488 701 3534 Et
717 3488 812 3535 validis
828 3488 894 3535 necti
907 3489 1020 3535 tortirac
1032 3488 1164 3536 Heliconis
1177 3487 1206 3535 of
1214 3488 1251 3536 A:
1267 3503 1269 3509 ⁴

105 3568 201 3618 middle
217 3566 299 3617 words
316 3566 345 3615 of
359 3565 412 3615 this
428 3566 488 3626 line,
509 3581 537 3614 aa
551 3566 580 3615 of
595 3567 639 3616 the
652 3567 795 3629 preceding,
814 3583 878 3616 were
895 3567 1033 3617 mutilated
1049 3568 1084 3631 by
1100 3583 1171 3618 some
1187 3568 1269 3618 aocide

106 3651 304 3715 Eteyonitortis
316 3650 470 3698 convallibus
480 3647 559 3697 Lach.
588 3656 644 3698 nete
657 3650 837 3698 tortirAcorr.
850 3651 881 3698 Β.
946 3665 1003 3699 nece
1016 3653 1088 3700 tortia
1099 3651 1186 3702 Nica:
1204 3651 1269 3701 hsnc

105 3735 161 3782 vast
172 3730 269 3793 variety
281 3731 309 3778 of
319 3733 421 3791 strange
432 3729 560 3791 readings,
576 3731 638 3779 such
651 3746 681 3780 as
692 3734 728 3780 Et
738 3733 830 3793 gelidis
842 3734 914 3795 cycni
926 3740 995 3780 nocte
1008 3734 1059 3780 orta
1072 3732 1100 3781 of
1109 3733 1189 3781 Bern.
1264 3735 1269 3782 l

105 3817 240 3865 emittimus
257 3814 281 3861 A
297 3827 361 3861 corr.
379 3813 418 3861 tor
435 3815 566 3862 mittimus.
666 3814 713 3862 551
730 3816 859 3863 verborum
875 3813 967 3863 Lamb.
985 3813 1024 3862 for
1041 3828 1180 3864 nervorum.
1265 3817 1269 3862 l

107 3897 174 3959 ‘lego
185 3912 247 3956 ona,
258 3910 427 3957 unaquaequo
438 3911 488 3945 vox
499 3895 640 3957 parveniat.
652 3897 687 3944 B’
699 3896 785 3946 Bentl.
798 3898 838 3945 for
849 3898 905 3946 illo.
994 3897 1043 3946 560
1055 3899 1134 3948 illum.
1173 3900 1223 3948 illo
1233 3899 1269 3949 Po

104 3977 276 4027 Araltunr.
311 3977 391 4026 tilam
401 3976 492 4027 hamb.
504 3977 614 4027 without
626 3993 709 4029 cause.
849 3980 897 4028 563
908 3982 1016 4029 verbum.
1047 3981 1164 4042 peditum
1176 3979 1269 4032 Ninos

105 4059 140 4108 all
151 4060 217 4109 later
228 4073 291 4110 mss.
305 4057 359 4108 and
369 4058 441 4121 early
451 4058 517 4108 eds:
535 4058 617 4108 hence
628 4063 735 4109 edictum
747 4061 811 4110 Mar.
824 4061 882 4110 Ald.
896 4062 909 4109 1
925 4061 998 4110 Junt.
1011 4061 1093 4123 vulg:
1107 4064 1226 4123 peditum
1241 4077 1269 4112 oa

105 4141 172 4191 from
184 4141 229 4192 the
237 4141 327 4205 perlito
339 4140 366 4191 ol
377 4141 424 4191 562
436 4141 557 4204 catching
569 4141 613 4192 tha
624 4142 746 4205 copyist's
758 4158 811 4206 eye.
928 4144 976 4194 567
988 4145 1056 4193 verbi
1067 4142 1147 4192 Lach.
1161 4145 1202 4193 tor
1213 4147 1269 4194 verb

105 4237 268 4285 aneoessary
279 4221 386 4285 change.
485 4223 532 4272 568
545 4226 615 4273 onrr‘r
626 4225 728 4273 incidit.
766 4226 978 4274 ‘oureiaocotdit
1013 4224 1269 4286 sicreposni‚aPla1

104 4305 130 4351 et
146 4300 237 4351 ceteris
251 4299 341 4350 Latini
357 4300 483 4350 sermonis
499 4301 648 4351 auctoribus
664 4301 826 4351 admonitus’
843 4303 950 4363 Lamb.;
968 4302 1020 4351 and
1034 4301 1114 4352 Laoh.
1133 4300 1225 4353 thinks
1240 4303 1269 4353 hs

104 4379 227 4443 probably
238 4378 316 4442 right,
328 4393 357 4429 aa
368 4379 444 4429 Lucr.
457 4378 565 4430 himself
573 4395 590 4428 v
601 4381 648 4430 606
660 4394 720 4431 uses
731 4381 775 4430 tho
788 4395 859 4430 same
871 4381 1057 4432 construction.
1110 4416 1114 4425 .
1190 4383 1239 4434 570
1251 4384 1269 4432 lc
