2834 4792
678 202 715 268 ΙΙ

182 376 241 433 aut
263 368 356 434 foeda
377 371 482 456 specie
505 373 573 438 diri
595 383 771 460 turpesque
795 377 952 443 videntur.

182 471 286 536 omnis
308 473 404 549 enim,
426 497 538 540 sensus
561 499 643 562 quae
666 479 787 545 mulcet
811 503 957 567 cumque,
973 483 1085 569 figura

182 576 263 641 haut
285 576 354 641 sine
376 578 560 664 principiali
583 580 691 666 aliquo
714 582 818 649 levore
842 593 1000 664 creatast3

182 688 218 743 at
239 687 352 745 contra
372 703 595 767 quaecumque
619 684 754 749 molesta
776 694 875 772 atque
897 710 1011 773 aspera
1033 699 1169 765 constat,

182 804 247 846 non
269 781 377 867 aliquo
399 782 468 848 sine
491 784 646 850 materiae
669 789 816 873 squalore
839 799 1007 875 repertast.

181 894 258 950 sunt
281 885 381 950 etiam
404 907 486 971 quae
509 887 574 951 iam
598 911 656 954 nec
680 891 763 954 levia
785 891 855 956 iure
878 902 1037 978 putantur

182 1009 251 1052 esse
273 1010 379 1073 neque
401 988 532 1053 omnino
554 989 646 1055 flexis
669 993 875 1058 mucronibus
897 1017 988 1072 unca,

181 1091 238 1155 sed
260 1090 364 1177 magis
386 1091 522 1177 angellis
544 1093 678 1178 paulum
701 1097 930 1180 prestantibus,
953 1101 1042 1184 utqui

182 1194 317 1259 titillare
339 1195 443 1282 magis
465 1217 578 1260 sensus
601 1219 698 1282 quam
722 1198 847 1264 laedere
870 1200 1012 1285 possint;

183 1297 307 1362 faecula
328 1297 393 1361 iam
417 1319 481 1382 quo
503 1298 543 1362 de
565 1321 683 1385 genere
706 1308 756 1364 est
778 1300 951 1388 inulaeque
973 1325 1108 1389 sapores.

181 1400 320 1486 denique
342 1402 408 1466 iam
430 1401 549 1466 calidos
571 1402 656 1489 ignis
678 1404 883 1491 gelidamque
905 1407 1054 1491 pruinam

181 1504 331 1569 dissimili
352 1506 487 1570 dentata
509 1507 604 1570 modo
626 1529 831 1595 conpungere
854 1531 966 1574 sensus

182 1611 329 1695 corporis,
352 1610 470 1676 indicio
493 1612 585 1677 nobis
608 1621 658 1677 est
682 1622 789 1678 tactus
812 1622 956 1699 uterque.

182 1721 290 1777 tactus
313 1713 408 1790 enim,
432 1722 548 1791 tactus,
571 1737 629 1801 pro
652 1716 763 1780 divum
787 1717 922 1782 numina
944 1726 1063 1793 sancta,

182 1817 320 1900 corporis
343 1825 393 1881 est
415 1839 535 1894 sensus,
559 1818 610 1883 vel
633 1842 707 1884 cum
730 1842 780 1884 res
802 1829 913 1885 extera
935 1842 1003 1884 sese

182 1918 334 1996 insinuat,
357 1920 409 1984 vel
431 1943 505 1985 cum
528 1921 629 1986 laedit
653 1921 793 2007 quaein
816 1945 946 2007 corpore
969 1931 1078 1988 natast

182 2028 241 2086 aut
261 2020 355 2085 iuvat
378 2023 542 2108 egrediens
564 2023 716 2110 genitalis
739 2047 796 2110 per
818 2024 954 2089 Veneris
976 2048 1034 2101 res,

182 2133 240 2189 aut
263 2148 302 2190 ex
325 2127 449 2191 offensu
471 2148 545 2191 cum
568 2127 703 2192 turbant
726 2150 854 2212 corpore
877 2128 912 2192 in
934 2129 1003 2213 ipso

181 2228 306 2292 semina
327 2229 588 2314 confunduntque
609 2230 696 2294 inter
717 2252 751 2294 se
774 2230 900 2294 concita
921 2253 1069 2310 scnsum;

182 2337 221 2394 ut
242 2331 270 2394 si
293 2331 374 2396 forte
397 2353 495 2396 manu
520 2332 666 2416 quamvis
689 2332 753 2396 iam
777 2332 915 2417 corporis
938 2331 1006 2417 ipse

181 2441 254 2498 tute
277 2433 340 2498 tibi
362 2443 489 2519 partem
513 2435 608 2499 ferias
630 2443 729 2520 atque
753 2435 926 2520 experiare.

183 2547 379 2623 quapropter
401 2539 494 2625 longe
518 2539 635 2602 formas
657 2538 777 2603 distare
799 2547 960 2602 necessest

181 2641 356 2728 principiis,
378 2643 484 2706 varios
506 2664 588 2728 quae
611 2642 735 2727 possint
758 2641 852 2706 edere
875 2663 994 2706 sensus.

225 2743 376 2830 Denique
399 2766 481 2829 quae
504 2744 596 2808 nobis
618 2744 735 2808 durata
757 2767 794 2807 ac
816 2744 917 2828 spissa
940 2744 1099 2819 videntur,

183 2845 261 2910 haec
284 2846 388 2933 magis
410 2845 550 2910 hamatis
572 2845 659 2910 inter
681 2868 749 2910 sese
773 2868 841 2910 esse
863 2857 1024 2910 necessest
1233 2861 1294 2926 445

182 2958 216 3014 et
239 2951 331 3036 quasi
353 2951 486 3015 ramosis
508 2950 574 3014 alte
597 2958 763 3035 compacta
786 2949 898 3014 teneri.

95 3192 154 3244 tian
165 3207 245 3256 marg.
257 3193 326 3247 Flor.
340 3195 372 3245 29
384 3193 436 3244 and
447 3195 557 3257 Nauger.
570 3194 610 3244 ior
620 3194 754 3244 nobilibus.
856 3194 905 3242 421
917 3195 970 3242 diri
982 3201 1113 3255 turpesque
1125 3191 1205 3244 Lach.
1220 3192 1299 3240 sordi

96 3283 237 3338 turpeque.
265 3276 323 3337 fedi
340 3282 479 3338 turpesque,
492 3278 536 3338 qui
551 3277 615 3325 olidi
632 3283 659 3333 1.,
677 3277 737 3325 tetri
754 3284 782 3333 1.,
799 3282 882 3338 turpes
899 3276 1011 3338 olidique
1026 3272 1091 3323 have
1107 3273 1143 3322 all
1154 3273 1218 3322 been
1229 3272 1298 3322 read.

94 3359 160 3407 cccli
172 3365 303 3420 turpesque
314 3356 385 3407 Nico.
399 3356 453 3407 and
463 3356 546 3407 oldest
557 3357 609 3408 eds.
709 3358 758 3405 422
764 3358 853 3419 flqura
867 3355 946 3407 Lech.
962 3355 1028 3405 after
1041 3352 1220 3405 Schneidewin
1233 3353 1297 3402 Phil.

93 3453 127 3488 111
140 3454 166 3502 p.
178 3440 227 3488 538
238 3438 278 3489 ior
288 3440 406 3488 videatur
416 3437 500 3488 which
515 3438 563 3488 has
579 3453 651 3488 come
662 3439 730 3488 from
745 3440 793 3487 421
810 3438 863 3487 and
875 3436 1032 3499 supplanted
1044 3435 1089 3486 the
1105 3434 1230 3485 feminine
1241 3435 1298 3483 sub·

94 3520 215 3571 stantive.
248 3535 313 3584 quac
327 3523 417 3570 mulcet
432 3535 509 3570 causa
525 3523 645 3583 iuvatque
661 3520 734 3570 Junt.
769 3535 834 3582 quae
849 3521 939 3569 mulcet
953 3532 1049 3580 cunque
1065 3520 1186 3580 iuvatque
1202 3517 1298 3565 Avanc.

94 3601 206 3652 without
217 3616 305 3661 sense3
323 3601 369 3652 but
381 3606 409 3651 et
420 3601 471 3651 end
486 3602 514 3651 of
528 3600 571 3650 his
583 3601 621 3651 ed.
635 3601 663 3650 of
678 3600 797 3650 Catullus
808 3599 841 3650 he
856 3599 913 3650 bide
928 3614 959 3649 us
974 3598 1036 3649 read
1048 3614 1111 3662 quae
1122 3601 1211 3647 mulcet
1223 3613 1300 3646 001110

95 3687 224 3746 iuvatque.
257 3685 361 3733 1111111101
371 3698 448 3733 caasa
458 3686 579 3746 iuvatque
591 3683 655 3732 Mar.
668 3683 835 3746 apparently3
848 3683 895 3732 but
906 3681 950 3731 the
962 3680 1045 3730 words
1056 3695 1099 3730 are
1111 3680 1190 3729 much
1201 3679 1296 3730 erased.

127 3765 526 3815 423lcvorehveno.forleviore.
585 3766 715 3815 tilianae.
735 3779 920 3828 uncaquemss.
977 3765 1107 3826 428utqai
1116 3761 1199 3812 added
1208 3762 1241 3824 by
1250 3761 1299 3810 Ed.

94 3845 148 3897 and
156 3847 188 3896 N.
198 3846 227 3896 P.
234 3845 356 3896 Howerd.
379 3853 404 3896 et
411 3862 474 3909 qaae
482 3846 552 3895 Flor.
561 3848 591 3895 31
601 3846 689 3896 (lamb.
699 3847 783 3908 vulgo.
805 3861 913 3909 quaeque
924 3844 1002 3896 Lach.
1025 3844 1176 3894 uadeBern.
1200 3844 1299 3905 quique,

95 3929 137 3979 i.e.
150 3931 252 3991 capelli,
264 3930 313 3980 nd.
328 3929 462 3992 formerly:
480 3928 525 3980 the
537 3945 583 3992 que
594 3932 621 3978 at
634 3928 684 3978 end
696 3928 724 3978 ol
738 3929 787 3980 427
799 3943 883 3978 comes
896 3928 963 3977 from
979 3926 1024 3976 the
1039 3926 1091 3975 lost
1106 3926 1189 3987 utqui.
1227 3924 1300 3993 Thea

96 4015 147 4065 429
154 4016 252 4077 possim
263 4012 285 4061 A
296 4011 366 4062 Nioo.
379 4011 448 4061 Flor.
461 4012 492 4060 31
504 4009 604 4071 camb„
619 4009 671 4059 and
684 4012 724 4072 (ee
735 4010 748 4058 I
760 4009 832 4058 learn
844 4010 912 4058 from
923 4007 1005 4058 Laoh.
1017 4023 1043 4070 p.
1057 4008 1115 4068 293)
1128 4004 1183 4054 eod.
1194 4004 1299 4066 Sangal-

95 4095 162 4146 lene.
175 4093 256 4144 schol.
268 4093 297 4143 in
312 4093 461 4147 Iuvenalem
468 4111 476 4153 ;
493 4092 596 4155 rightly,
609 4105 638 4141 es
650 4091 695 4141 the
707 4091 773 4154 subj.
785 4091 808 4140 is
823 4105 964 4154 necessary.
999 4087 1134 4152 possuntB
1147 4086 1219 4135 Gott.
1231 4087 1298 4147 vulg.

94 4177 175 4230 Lech
282 4178 476 4240 430100100001
488 4176 579 4226 hamb.
592 4176 648 4225 first
659 4176 700 4224 ior
711 4178 854 4238 invictoque.
888 4176 992 4236 vinique
1003 4171 1074 4233 Nico.
1173 4169 1299 4230 4311911-

96 4262 168 4310 diem
177 4259 247 4310 Flor.
260 4259 290 4308 31
303 4257 394 4308 (lamb.
407 4261 454 4310 010.
470 4258 510 4308 ior
520 4259 644 4321 predicar.
757 4258 806 4305 438
817 4263 877 4305 out:
895 4254 975 4304 Lech.
990 4266 1072 4302 seeum
1083 4254 1110 4302 10
1121 4265 1162 4300 me
1174 4265 1260 4312 wrong
1271 4251 1300 4299 in

96 4341 227 4404 ohanging
237 4340 291 4391 this
302 4343 330 4393 to
340 4349 423 4404 atque.
525 4342 573 4391 439
585 4356 631 4404 que
643 4339 725 4390 added
736 4340 770 4402 by
783 4339 847 4388 Mer.
860 4337 932 4387 aunt.
945 4336 1030 4397 vulgo
1133 4333 1181 4382 451
1194 4348 1206 4382 e
1218 4333 1299 4383 Lech.
