2834 4792
137 277 198 346 150
695 262 749 326 111

220 424 409 490 deenarunt
431 425 551 512 passim
574 432 682 489 motus
705 424 746 489 ab
768 424 916 489 sensibus
938 447 1057 490 omnea

220 527 318 593 debet
340 528 437 605 enim,
458 527 574 592 misem
596 527 624 592 si
646 528 728 592 forte
750 549 911 615 aegreque
933 527 1122 605 futurumst,

221 632 290 719 ipse
312 653 440 716 queque
462 652 531 695 esse
553 630 587 694 in
610 652 648 695 eo
670 638 742 694 tum
765 639 920 716 tempore,
942 631 996 695 oui
1017 630 1102 695 male
1124 632 1229 718 possit

222 732 372 800 accidere.
403 732 437 798 id
460 732 612 818 quoniam
634 755 719 797 mors
742 733 866 811 eximit,
889 755 1023 820 esseque
1044 733 1163 820 probet

137 840 201 920 864
223 837 315 902 illum
338 836 391 901 eui
413 836 537 922 possint
559 835 760 901 incommoda
782 837 953 914 conciliari,
1282 837 1342 915 865

222 938 302 1004 scire
325 936 401 1003 lieet
423 938 515 1003 nobis
537 938 584 1002 nil
606 961 674 1004 ease
697 939 731 1004 in
754 948 857 1006 morte
880 941 1064 1006 timendum

226 1066 284 1109 neo
307 1042 460 1107 miserum
483 1043 554 1107 fieri
575 1043 632 1130 qui
654 1067 719 1109 non
741 1053 791 1110 est
813 1067 904 1131 posse
926 1068 1032 1132 neque
1054 1045 1160 1110 hilum

225 1143 353 1210 differre
376 1167 460 1209 anne
483 1144 550 1209 ullo
573 1146 670 1210 fuerit
692 1146 756 1211 iam
780 1155 925 1233 tempore
947 1156 1055 1224 natus,

225 1247 393 1313 mortalem
416 1248 518 1314 vitam
541 1271 626 1315 mors
647 1273 722 1315 eum
744 1251 924 1316 inmortalis
946 1250 1078 1317 ademit.

269 1352 406 1419 Proinde
429 1352 487 1418 ubi
509 1375 543 1418 se
566 1353 676 1419 videas
698 1354 861 1419 hominem
883 1355 1082 1442 indignarier
1103 1356 1222 1441 ipsum,
1286 1351 1353 1427 870

227 1463 300 1542 post
322 1462 458 1520 mortem
483 1455 548 1520 lore
571 1464 609 1520 ut
631 1464 690 1521 aut
712 1465 861 1542 putescat
883 1479 1013 1544 corpere
1034 1467 1129 1544 posto

226 1567 285 1624 aut
307 1557 445 1623 flammis
467 1559 612 1624 interfiat
635 1560 767 1626 malisve
788 1562 939 1639 ferarum,

227 1658 306 1724 seim
330 1657 406 1723 licet
428 1681 491 1723 non
514 1658 674 1724 sincerum
698 1681 810 1725 sonere
833 1669 931 1746 atque
953 1661 1084 1726 subesse

228 1784 358 1828 oaooum
381 1762 522 1848 aliquem
545 1763 633 1827 cordi
654 1764 833 1842 stimulum,
855 1765 1003 1851 quamvis
1025 1773 1124 1852 neget
1146 1764 1217 1851 ipse

229 1868 357 1933 eredere
380 1890 414 1932 so
437 1889 632 1954 quemquam
655 1867 718 1932 sibi
740 1889 870 1933 sensum
892 1868 927 1932 in
950 1876 1053 1932 morte
1076 1868 1233 1932 futurum
1291 1861 1352 1939 875

230 1993 302 2048 non,
325 1979 363 2035 ut
385 1971 505 2056 opinor,
527 1970 615 2035 enim
637 1970 693 2035 dat
715 1971 801 2057 qued
823 1971 987 2057 promittit
1009 1979 1043 2036 et
1066 1971 1163 2049 unde,

229 2096 288 2139 noo
310 2074 465 2140 radicitus
487 2097 505 2140 o
528 2076 595 2140 vita
617 2097 651 2139 se
675 2074 761 2139 tollit
783 2082 817 2139 et
839 2074 925 2151 eicit,

230 2178 285 2243 aed
309 2177 385 2243 lraeit
408 2199 476 2243 esse
499 2178 548 2243 sui
572 2176 725 2263 quiddam
748 2199 845 2263 super
866 2176 986 2242 inscius
1006 2176 1085 2262 ipse.

231 2282 324 2347 vivus
346 2281 432 2346 euim
455 2280 517 2346 sibi
540 2303 613 2346 oum
637 2281 787 2366 proponit
809 2280 945 2366 quisque
969 2280 1126 2356 futurum,

232 2407 346 2472 eorpus
368 2385 418 2451 uti
441 2385 584 2451 volucres
606 2385 747 2450 lacerent
767 2383 803 2448 in
825 2391 928 2448 morte
950 2383 1109 2467 feraeque,
1286 2366 1367 2437 88⁰

234 2489 302 2576 ipae
325 2489 375 2553 sui
398 2488 547 2567 ntiaeret;
576 2510 681 2573 neque
704 2487 791 2552 enim
815 2508 848 2550 se
871 2485 989 2550 dividit
1011 2484 1103 2562 illim,

233 2615 292 2658 neo
314 2600 457 2657 removet
479 2591 559 2656 satis
581 2613 600 2654 a
622 2590 764 2676 proiecto
786 2610 916 2674 corpore
939 2595 974 2652 et
995 2586 1087 2651 illum

234 2722 267 2765 se
290 2698 385 2784 fingit
408 2718 567 2781 sensuque
590 2718 648 2761 suo
670 2694 869 2760 contaminat
892 2701 1008 2758 astans

235 2802 309 2867 hino
332 2802 521 2889 irulignatur
542 2824 576 2866 se
599 2800 767 2865 mortalem
791 2820 859 2863 esse
882 2805 1026 2863 creatum

234 2929 292 2971 neo
315 2905 404 2970 videt
427 2906 460 2970 in
485 2926 558 2968 veru
582 2902 707 2967 trullum
731 2903 796 2966 fore
819 2909 923 2965 morte
946 2899 1047 2963 alium
1068 2919 1103 2962 se
1290 2871 1387 2956 885

234 3010 290 3095 qui
314 3009 413 3095 possit
437 3009 528 3073 vivus
551 3008 612 3072 sibi
636 3029 670 3072 se
694 3007 805 3093 lugere
827 3011 1033 3092 peremptum

235 3122 386 3197 stansque
410 3111 569 3176 iacentem
591 3133 623 3176 aa
646 3110 777 3176 lacerari
799 3110 889 3174 urive
912 3109 1027 3175 dolere.

149 3341 182 3405 by
192 3339 272 3391 Laob.
284 3338 342 3389 who
354 3338 376 3388 is
388 3339 517 3401 naturally
529 3337 657 3402 surprisad
668 3337 728 3388 that
739 3337 761 3387 it
772 3352 823 3387 was
834 3336 881 3386 left
893 3337 933 3386 lor
943 3335 999 3385 him
1010 3337 1039 3386 to
1049 3333 1091 3383 do.
1206 3331 1256 3381 862
1267 3311 1389 3380 missffi

147 3424 171 3473 al
183 3423 259 3473 Pont.
272 3420 407 3471 Turnebus
419 3420 471 3469 and
482 3420 516 3470 Is.
531 3419 604 3468 Voss.
616 3418 644 3468 in
656 3433 705 3468 ms.
717 3423 800 3479 notes,
814 3418 898 3467 before
909 3416 998 3474 Laoh„
1010 3416 1052 3465 ior
1061 3416 1180 3464 orbarat.

181 3506 229 3556 eet
246 3519 309 3554 irrora
326 3503 348 3552 B
365 3516 429 3552 eorr.
450 3501 518 3550 Flor.
536 3503 567 3550 31
585 3501 625 3550 for
641 3517 705 3551 ntor.
809 3501 897 3564 probet
912 3498 994 3549 Laoh.
1024 3499 1142 3561 probibet
1159 3495 1301 3545 Turnebus
1324 3476 1383 3529 ἴθ’

147 3589 259 3653 prohibe.
402 3586 450 3635 333
468 3585 576 3646 omem
592 3598 656 3633 unite
673 3584 726 3633 allo
743 3582 792 3632 Ed.
810 3582 850 3632 for
866 3583 976 3644 Differre
993 3580 1097 3630 annale
1114 3579 1201 3628 anullo
1218 3577 1251 3636 A,
1267 3551 1379 3655 affl

149 3670 235 3719 aurello
254 3668 283 3718 B.
334 3683 351 3716 o
366 3667 436 3715 trullo
453 3665 522 3715 Niee.
561 3662 793 3714 renotationem
811 3662 887 3711 small
908 3661 948 3711 ed.
982 3662 1091 3723 Differre
1108 3665 1168 3708 uate
1184 3658 1238 3706 ullo
1255 3642 1369 3706 hauh*

150 3751 196 3801 but
212 3753 313 3815 differre
325 3751 407 3812 filaret
424 3762 508 3797 seems
524 3751 569 3796 not
587 3751 613 3795 to
629 3747 659 3796 be
670 3745 755 3796 Latin
789 3746 898 3807 Differre
915 3758 950 3793 oa
964 3744 1033 3791 uallo
1050 3741 1078 3791 oi
1092 3739 1169 3790 Pont.
1181 3739 1248 3790 Mar.
1265 3728 1329 3788 ald
1348 3712 1364 3762 1

150 3832 223 3882 Junt.
240 3830 331 3882 hamb.
352 3835 400 3879 ete.
418 3828 466 3879 has
482 3843 517 3878 no
534 3842 616 3877 sense.
720 3827 767 3876 371
781 3833 897 3889 putescat
913 3825 1010 3873 Arane.
1026 3821 1102 3872 Wak.
1119 3820 1200 3870 Laoh.
1217 3820 1260 3869 for
1271 3812 1359 3883 μήθ’*

147 3921 275 3977 prrtreecut
291 3912 360 3962 Flor.
378 3913 409 3960 31
428 3912 502 3961 Pont.
523 3910 587 3959 Mar.
606 3910 679 3960 Junt.
696 3908 785 3959 bamb.
803 3908 872 3969 vulg.
906 3907 958 3958 (lio.
978 3905 1009 3955 de
1026 3905 1072 3954 fin.
1089 3919 1106 3954 v
1122 3904 1156 3954 38
1171 3919 1202 3953 aa
1216 3888 1353 3966 paterna

151 3997 259 4054 Nonius,
274 4002 427 4059 promererer
444 4007 522 4043 msa:
543 3991 575 4042 de
591 3996 645 4041 nat.
661 3991 730 4040 deor.
748 4005 768 4039 11
787 3990 834 4039 160
849 4005 880 4038 ae
894 3995 1035 4052 patesceret
1050 4000 1114 4035 mss.
1130 3983 1256 4048 speaking
1268 3983 1296 4034 of
1309 3968 1350 4023 ¹1¹³
1395 4012 1399 4019 -

151 4094 221 4128 same
240 4077 322 4139 thing.
429 4077 477 4126 873
493 4089 543 4124 aori
559 4076 681 4123 staremm
697 4072 765 4121 Flor.
784 4073 815 4120 31
834 4069 924 4122 Gamb.
945 4069 1022 4119 Pont.
1040 4068 1106 4117 Mar.
1125 4067 1166 4116 ior
1183 4082 1216 4116 ao
1233 4065 1344 4116 risam

150 4161 180 4210 Α.
198 4160 332 4217 Nitamur
349 4160 411 4208 riae.
431 4157 461 4206 B.
559 4153 1014 4205 8801aeereatNioo.foriaeereat.
1073 4214 1077 4218 ι
1111 4149 1160 4199 831
1178 4149 1273 4198 dividit
1287 4142 1339 4195 11113

150 4241 179 4290 Α.
215 4238 402 4289 stauarum.
435 4238 608 4288 oiototttuam
617 4237 686 4285 Nioo.
719 4236 815 4284 dividit
825 4237 904 4284 tilam
914 4233 983 4282 Flor.
993 4232 1025 4281 31
1036 4229 1128 4280 Gamb.
1139 4229 1206 4280 Mar.
1238 4225 1338 4278 vendet

153 4323 231 4371 hilam
242 4321 332 4372 Lamb.
433 4320 480 4369 886
499 4319 549 4380 Qui
561 4318 629 4367 Flor.
641 4319 673 4366 31
685 4316 755 4365 Mon.
769 4316 843 4366 Pont.
857 4314 915 4364 Ald.
929 4316 942 4363 1
954 4314 1028 4364 Junt
1041 4313 1083 4362 ior
1094 4313 1153 4361 Gai.

63 4405 231 4526 ΑΘΒῚ
248 4419 273 4453 ae
284 4401 367 4453 added
378 4402 412 4464 by
422 4401 489 4451 Flor.
504 4402 535 4449 31
548 4398 637 4449 Gamb.
649 4399 744 4447 Arana.
777 4398 860 4447 delere
871 4397 942 4446 Mon.
954 4410 979 4459 p.
990 4409 1026 4446 m
1039 4392 1131 4444 hamb.
1143 4393 1184 4442 ior
1194 4393 1285 4443 detera
