2834 4792
722 180 773 263 v1‘

231 385 308 451 crgo
329 364 471 429 fervidus
492 364 545 430 hic
567 365 686 431 nubem
709 387 784 431 cum
806 365 958 452 perscidit
980 375 1094 444 atram,
1239 429 1241 432 ,
1292 372 1350 433 180

231 467 368 554 dissipat
388 467 511 533 ardoris
532 468 624 555 quasi
646 469 792 555 pervim
814 491 964 554 expressa
984 480 1120 556 repente
1221 546 1225 551 ,

231 571 354 635 semina
376 592 459 657 quae
481 571 605 635 faciunt
626 572 786 636 nictantia
808 572 937 658 fulgura
958 573 1126 652 flammac;

231 676 307 741 inde
329 697 426 740 sonus
448 676 596 762 sequitur
617 677 673 763 qui
696 676 821 741 tardius
843 676 953 742 adficit
975 677 1063 742 auris

231 802 328 866 quam
352 801 435 864 quae
457 779 651 864 perveniunt
673 780 837 844 oculorum
859 779 902 844 ad
924 780 1048 845 lumina
1068 791 1186 846 nostra

231 883 353 948 scilicet
376 881 435 946 hoc
457 881 565 946 densis
586 881 625 946 fit
647 882 789 947 nubibus
811 892 845 947 et
867 882 964 946 simul
986 883 1052 948 alte
1294 889 1348 965 185

231 984 389 1051 extructis
411 984 483 1049 aliis
505 984 585 1049 alias
607 1008 705 1071 snper
726 987 849 1072 impete
872 987 973 1067 miro;

231 1113 272 1154 ne
295 1088 357 1153 tibi
381 1088 424 1152 sit
446 1088 532 1153 frudi
554 1088 641 1175 quod
664 1112 722 1154 nos
744 1089 868 1155 inferne
890 1091 1038 1156 videmus

232 1216 329 1280 quam
353 1192 419 1257 sint
442 1192 509 1256 lata
530 1194 633 1278 magis
656 1216 753 1279 qnam
775 1216 902 1259 sursum
926 1203 1075 1260 extructa
1097 1194 1175 1280 quid
1199 1203 1322 1260 extent.

231 1297 467 1383 contemplator
489 1297 585 1373 enim,
607 1320 681 1361 cum
704 1298 870 1362 montibus
891 1298 1086 1364 adsimulata

232 1402 345 1467 nubila
366 1402 543 1487 portabunt
565 1401 655 1467 venti
677 1410 857 1467 transversa
878 1424 936 1488 per
958 1425 1060 1479 auras,
1294 1419 1352 1483 190

232 1516 291 1572 aut
314 1506 371 1570 ubi
394 1528 451 1591 per
472 1527 605 1590 magnos
627 1505 747 1570 montis
769 1506 933 1571 cumulata
956 1506 1080 1571 videbis

234 1613 365 1695 insuper
387 1632 455 1674 esse
478 1609 550 1674 aliis
572 1609 636 1673 alia
657 1617 758 1694 atque
780 1630 919 1696 urguere
941 1632 1079 1695 superne

234 1717 268 1782 in
291 1715 431 1780 statione
453 1715 558 1778 locata
579 1713 715 1799 sepultis
738 1713 880 1799 undique
903 1715 1028 1780 ventis:

235 1831 307 1888 tum
330 1821 450 1907 poteris
473 1842 605 1904 magnas
627 1820 727 1885 moles
749 1842 937 1907 cognoscere
961 1843 1070 1885 eorum

233 1927 468 2012 speluncasque
491 1925 581 1988 velut
604 1925 689 1989 saris
703 1923 922 2010 ‚pendentibu’
944 1932 1084 1989 structas
1297 1936 1351 2003 195

234 2051 373 2107 cernere,
396 2051 476 2114 quas
498 2028 588 2093 venti
611 2050 685 2092 curn
708 2035 905 2113 tempestate
928 2037 1036 2092 coorta

236 2129 435 2214 conplerunt
458 2149 575 2212 magno
597 2126 809 2212 indignantur
830 2149 995 2192 murmure
1017 2126 1119 2191 clausi

236 2230 379 2295 nubibus
401 2230 436 2294 in
458 2228 627 2315 caveisque
651 2229 790 2293 ferarum
813 2252 900 2294 more
922 2230 1109 2309 minantur3

236 2358 323 2399 nunc
345 2334 421 2398 hinc
442 2355 529 2397 nunc
551 2333 640 2398 illino
663 2332 811 2397 fremitus
833 2356 891 2420 per
912 2334 1025 2398 nubila
1047 2334 1187 2399 mittunt

238 2445 493 2522 quaerentesque
517 2434 601 2499 viam
624 2435 744 2500 circum
768 2445 938 2501 versantur
959 2445 994 2502 et
1015 2436 1102 2523 ignis
1294 2453 1359 2501 200

237 2539 363 2604 semina
384 2539 578 2602 convolvunt
601 2560 617 2604 c
638 2538 781 2602 nubibus
803 2547 902 2623 atque
925 2539 973 2603 ita
994 2546 1115 2625 cogunt

238 2643 343 2707 multa
364 2650 536 2727 rotantque
560 2641 645 2706 cavis
668 2641 831 2704 flammam
855 2642 1036 2706 fornacibus
1058 2640 1157 2718 intus,

237 2746 339 2810 donec
362 2745 484 2809 divolsa
506 2745 665 2809 fulserunt
688 2744 774 2808 nube
796 2745 925 2809 corusci.

286 2850 356 2913 Hac
380 2849 478 2913 ctiam
502 2849 540 2912 fit
562 2848 613 2912 uti
636 2847 676 2911 de
699 2869 795 2912 causa
818 2847 945 2910 mobilis
968 2846 1022 2911 ille

239 2953 369 3016 devolet
392 2952 425 3014 in
448 2960 566 3015 terram
591 2950 705 3035 liquidi
727 2950 811 3013 color
833 2972 950 3014 aureus
972 2949 1065 3035 ignis,
1297 2965 1357 3030 205

241 3056 366 3120 semina
389 3055 473 3139 quod
496 3053 600 3118 nubes
623 3054 708 3137 ipsas
730 3053 892 3138 permulta
914 3060 1079 3116 necessust

242 3159 327 3245 ignis
350 3158 485 3236 habere3
516 3157 637 3222 etenim
660 3179 733 3220 cum
758 3164 834 3220 sunt
856 3178 967 3220 umore
989 3154 1058 3218 sine
1081 3154 1155 3230 ullo,

243 3263 411 3327 flammeus
433 3270 482 3326 ost
505 3261 694 3346 plerumque
717 3262 801 3325 colos
823 3270 858 3325 et
880 3259 1067 3346 splendidus
1090 3258 1168 3322 ollis.

157 3459 214 3508 Ald.
228 3460 241 3506 1
254 3458 327 3507 Junt.
340 3459 379 3507 for
391 3460 512 3520 quiescit:
530 3472 546 3506 a
558 3457 657 3506 certain
670 3456 821 3506 correction.
850 3459 951 3505 calescit
962 3455 1042 3505 Lach.
1055 3455 1151 3517 utterly
1158 3453 1306 3516 destroying
1317 3453 1361 3502 the

158 3541 226 3590 force
237 3542 265 3590 of
274 3541 319 3590 the
331 3554 446 3602 passage.
546 3540 593 3588 180
601 3540 725 3601 perscidit
736 3538 804 3587 Flor.
819 3540 849 3586 31
862 3537 950 3587 (lamb.
964 3537 1034 3588 Mon.
1048 3536 1117 3587 Brix.
1133 3536 1174 3585 sor
1181 3537 1329 3598 perscindit.

192 3626 240 3673 183
262 3625 351 3686 adficit
374 3622 459 3671 Bentl.
481 3621 520 3669 lor
543 3624 642 3671 adiicit.
683 3623 778 3682 adtipit
802 3620 894 3669 Lamb.
919 3621 984 3682 conj.
1026 3621 1124 3668 adcidit
1148 3618 1240 3668 Heius.
1258 3619 1287 3667 in
1310 3633 1359 3667 ms.

159 3709 242 3754 notes.
342 3705 389 3752 184
402 3705 497 3751 lumina
510 3703 551 3751 Bc
575 3701 778 3751 limincANicc.
793 3701 863 3749 Flor.
876 3702 906 3750 31
919 3700 991 3750 three
1002 3700 1060 3750 Vat.
1171 3699 1218 3747 185
1231 3701 1283 3748 alte
1295 3699 1359 3748 Mar.

160 3786 217 3837 Ald.
232 3787 329 3837 liunt.
345 3786 385 3835 lor
396 3787 453 3835 alti.
553 3785 600 3834 187
613 3785 660 3833 188
672 3784 786 3846 wrongly
796 3782 885 3843 placed
897 3782 930 3844 by
941 3782 1019 3831 Lach.
1032 3782 1099 3831 alter
1110 3782 1157 3832 193
1169 3795 1204 3830 on
1216 3785 1325 3830 account
1338 3781 1364 3829 oi

160 3871 205 3920 thc
215 3873 334 3919 neuters:
352 3867 534 3919 8887591859
546 3881 574 3915 1v
586 3867 641 3918 934.
767 3867 813 3916 187
824 3867 871 3914 Nc.
905 3866 958 3913 Nec
969 3864 1041 3913 Mon.
1051 3862 1131 3914 Lach.
1253 3864 1302 3912 188
1313 3866 1364 3912 cini

160 3953 225 4003 Mar.
240 3952 314 4000 Junt.
327 3951 367 3999 for
377 3953 420 3999 cit.
455 3956 571 3998 cctnccta
585 3946 670 3996 Ald.1
687 3947 761 3997 Junt.
777 3946 818 3996 scr
831 3948 948 3995 extricta.
1059 3945 1105 3996 191
1123 3944 1363 3994 cumcictchorr.

160 4034 229 4084 Brix.
245 4034 303 4082 Ver.
316 4031 381 4081 Van.
393 4031 458 4080 Mar.
470 4029 616 4079 torculata.
645 4030 801 4092 proculcatio
812 4026 880 4076 mor.
893 4028 923 4075 91
937 4026 1027 4076 Gamb.
1159 4026 1207 4075 192
1222 4041 1329 4087 arpaerc
1343 4027 1365 4074 A

160 4115 233 4164 Nico.
246 4129 333 4177 urpccc
344 4114 376 4162 B.
409 4126 513 4174 superae
524 4110 790 4172 Bentlforcupcma.
908 4105 1120 4168 201caddcdby
1130 4105 1201 4156 Nico.
1318 4108 1366 4158 205

159 4201 229 4247 color
241 4198 310 4247 Serv.
323 4195 356 4260 ad
367 4195 413 4244 ecl.
419 4209 450 4264 vr
461 4195 500 4252 33,
514 4193 577 4243 Mar.
592 4192 687 4243 Avanc.
703 4191 813 4253 Nauger.
850 4193 919 4239 ccicc
930 4190 974 4238 AB
986 4189 1055 4239 Nicc.
1066 4189 1134 4240 Flor.
1146 4190 1177 4237 81
1190 4188 1282 4238 Gamo.
1291 4189 1363 4240 Junt.

162 4295 225 4328 mss.
238 4280 264 4328 of
279 4277 393 4337 Macrob.
406 4280 453 4327 sat.
468 4276 522 4324 v15
534 4276 561 4324 4:
579 4279 622 4337 yet
636 4276 703 4324 ccicc
716 4278 787 4323 must
803 4272 833 4322 be
848 4272 929 4334 right:
947 4272 992 4322 the
1006 4287 1068 4321 mss.
1081 4272 1108 4320 of
1124 4271 1272 4321 Macrobius
1285 4286 1366 4321 some-

160 4362 240 4410 times
251 4374 324 4421 agree
336 4358 467 4421 strangely
478 4357 541 4408 with
552 4357 627 4408 those
639 4357 668 4406 oi
676 4355 752 4406 Lacr.
764 4355 793 4404 in
806 4353 976 4415 corruptions.
1107 4353 1155 4402 208
1171 4354 1314 4403 Flammas
1331 4363 1367 4404 cct
