2834 4792
647 214 664 279 I

147 400 246 463 quam
270 376 348 442 Grai
369 385 553 442 memorant
575 397 634 440 nec
656 385 767 441 nostra
787 375 893 441 dicere
918 373 1030 461 lingua

147 480 295 545 concedit
315 479 409 545 nobis
431 479 530 567 patrii
553 479 709 545 sermonis
731 488 866 566 egestas,

148 583 205 648 sed
227 592 338 649 tamen
360 583 463 669 ipsam
485 605 554 648 rem
577 582 702 647 facilest
725 603 883 668 exponere
907 581 1021 647 verbis.

149 685 315 772 principio,
337 708 446 751 rerum
468 708 566 771 quom
590 685 669 749 dicit
692 684 961 761 homoeomerian,

149 812 220 855 ossa
241 790 392 855 videlieet
415 812 433 855 e
455 789 608 877 pauxillis
629 798 728 875 atque
751 788 888 853 minutis

150 894 275 959 ossibus
297 894 349 959 hic
371 894 468 960 etde
490 893 642 981 pauxillis
663 902 763 979 atque
787 893 922 957 munitis

150 997 326 1062 visceribus
349 996 456 1062 viscus
478 996 569 1084 gigni
591 1017 800 1083 sanguenque
822 995 923 1060 creari

150 1100 317 1187 sanguinis
339 1100 426 1165 inter
447 1122 481 1165 se
505 1099 617 1165 multis
639 1098 822 1164 coeuntibu'
844 1098 949 1185 guttis

151 1226 190 1268 ex
212 1204 347 1290 aurique
369 1212 466 1289 putat
489 1203 581 1268 micis
602 1203 776 1268 consistere
798 1224 891 1288 posse

151 1329 268 1371 aurum
291 1307 387 1372 etde
410 1307 505 1373 terris
527 1316 647 1372 terram
670 1328 870 1372 concrescere
894 1306 1010 1392 parvis,

152 1409 284 1495 ignibus
306 1432 345 1475 ex
368 1409 462 1497 ignis,
486 1431 630 1475 umorem
654 1408 819 1474 umoribus
842 1431 919 1486 esse,

153 1522 260 1579 cetera
282 1514 442 1579 consimili
464 1514 560 1601 fingit
583 1514 708 1579 ratione
732 1522 901 1599 putatque.

59 1606 63 1611 ’
152 1639 212 1681 nec
235 1627 345 1682 tamen
367 1640 436 1682 esse
459 1618 528 1683 ulla
549 1628 642 1703 parte
665 1618 752 1682 idem
775 1618 809 1681 in
831 1618 929 1682 rebus
952 1617 1048 1682 inane

153 1719 300 1785 concedit
322 1743 428 1807 neque
450 1720 635 1807 corporibus
657 1720 755 1785 finem
778 1743 846 1786 esse
869 1721 1022 1787 secandis.

155 1846 253 1909 quare
277 1823 312 1888 in
334 1833 474 1910 utraque
497 1824 579 1888 mihi
602 1824 724 1911 pariter
745 1826 869 1890 ratione
894 1824 1026 1890 videtur

161 1950 265 1993 errare
288 1936 387 2015 atque
408 1928 467 2005 illi,
489 1950 586 2014 supra
608 1950 687 2014 quos
709 1928 851 1993 diximus
873 1936 958 1993 ante.

154 2027 345 2115 addequod
367 2029 519 2095 inbecilla
539 2030 637 2094 nimis
659 2029 834 2115 primordia
856 2029 971 2116 fingit3

155 2132 381 2219 siprimordis
402 2134 609 2221 suntheimili
632 2156 714 2220 quae
736 2133 884 2220 praedita
908 2142 1058 2198 constant

154 2245 273 2302 natura
294 2246 393 2325 atque
415 2234 514 2324 ipsae
527 2234 578 2303 res
599 2248 676 2304 sunt
699 2260 865 2324 aequeque
889 2237 1037 2303 laborant

156 2350 190 2405 et
212 2350 350 2427 pereunt
371 2364 477 2428 neque
500 2342 542 2406 ab
564 2342 664 2407 exitio
686 2364 736 2407 res
759 2342 827 2407 ulla
848 2343 998 2407 refrenat.
1212 2346 1275 2424 850

156 2469 231 2511 nam
254 2445 334 2533 quid
355 2445 390 2511 in
412 2469 566 2533 oppressu
590 2447 695 2511 valido
718 2446 850 2511 durabit
872 2468 992 2522 eorum,

157 2558 196 2614 ut
218 2558 356 2614 mortem
379 2549 524 2636 effugiat,
546 2549 606 2615 leti
628 2549 865 2615 subdentibus
887 2548 991 2635 ipsis?

158 2652 243 2740 ignis
264 2674 307 2716 an
328 2674 422 2718 unror
443 2676 486 2717 an
507 2658 610 2719 arua?
631 2653 710 2739 quid
734 2655 870 2718 horum?
904 2675 1049 2740 sanguen
1071 2677 1113 2719 an
1136 2658 1233 2719 osso?

67 2899 141 2962 gives
160 2912 177 2948 a
196 2896 348 2949 far-ietcbed
366 2897 573 2962 interpretation,
593 2898 702 2949 because
721 2900 754 2948 he
777 2914 837 2961 says
856 2899 931 2950 Lucr.
955 2899 1031 2949 could
1053 2902 1099 2950 not
1122 2913 1168 2950 use
1191 2909 1215 2950 et
1237 2902 1277 2951 lor

68 2984 155 3032 etiam
303 2980 351 3031 884
367 2996 439 3045 quom
455 2980 536 3031 Lech.
554 2981 593 3030 for
610 2996 692 3044 quom.
725 2981 817 3031 Lamb.
837 2980 911 3030 reads
928 2981 1088 3043 Principium
1104 2997 1186 3032 rerum
1203 2998 1278 3045 qurum

70 3062 126 3113 and
141 3061 210 3125 jains
227 3061 249 3113 it
264 3051 327 3111 with
342 3062 412 3112 what
428 3062 561 3126 precedes:
582 3061 615 3112 he
631 3062 654 3111 is
671 3061 789 3112 followed
805 3062 839 3125 by
856 3062 891 3111 all
907 3062 994 3112 before
1011 3063 1090 3113 Lech.
1104 3063 1156 3113 and
1171 3079 1232 3127 may
1246 3064 1277 3114 be

70 3144 150 3207 right.
195 3141 272 3205 ‘quid
287 3142 356 3205 quod
371 3144 410 3195 ita
425 3158 459 3193 ne
478 3143 543 3193 dixit
562 3143 667 3206 quidem
687 3158 798 3206 usquam
817 3143 962 3206 Lucretius,
983 3144 1027 3194 sed
1046 3160 1128 3194 renem
1146 3146 1278 3210 principio

69 3241 81 3276 1
98 3226 148 3279 740
165 3226 228 3278 1047
245 3240 268 3275 11
285 3225 347 3278 ‘189'
358 3239 417 3288 says
432 3224 512 3275 hauh.
545 3224 603 3284 ies,
615 3224 723 3275 because
738 3224 780 3274 his
794 3226 937 3288 primordia
956 3240 999 3274 are
1017 3225 1119 3288 plural3
1142 3226 1188 3277 but
1204 3242 1213 3277 1
1230 3228 1277 3280 707

70 3308 104 3359 hs
120 3306 208 3357 writes
223 3309 261 3356 Et
277 3309 322 3370 qui
333 3310 492 3370 principium
507 3310 646 3371 pianundis
662 3324 723 3358 aera
739 3309 811 3357 rebus
830 3310 986 3358 Garutitrrere
1004 3309 1032 3357 ol
1047 3308 1120 3357 those
1138 3308 1195 3359 who
1211 3310 1277 3360 hare

71 3403 123 3439 one
133 3386 342 3451 first-beginning
352 3387 382 3437 ol
389 3386 487 3450 things.
586 3389 634 3439 835
645 3404 658 3438 e
668 3388 743 3439 Pont.
758 3388 824 3437 Mar.
836 3388 892 3440 Ald
909 3389 923 3437 1
935 3388 1008 3439 Junt.
1023 3389 1113 3438 forde.

121 3470 170 3521 839
186 3469 235 3519 840
250 3471 495 3532 aurique...aamm:
518 3468 599 3521 asise
613 3468 789 3533 immediately
805 3475 969 3521 enumerates
986 3470 1031 3521 the
1046 3470 1118 3520 three
1135 3470 1210 3521 other
1229 3471 1278 3521 ele·

71 3552 168 3610 ments,
183 3550 270 3600 Bentl.
286 3563 409 3613 proposes
425 3565 682 3614 auraeque...aurom.
716 3550 793 3613 ‘quid
809 3551 852 3600 hio
869 3552 981 3601 surum?
1003 3553 1091 3601 oculos
1108 3551 1182 3602 credo
1200 3551 1277 3602 inter·

71 3634 176 3696 protum
190 3631 508 3695 praestrinxit...Simplic.
526 3637 615 3683 tamen
631 3633 671 3695 [in
687 3633 767 3684 Arist.
785 3633 860 3697 phys.
878 3633 922 3683 tol.
941 3634 956 3683 6
972 3633 999 3697 b]
1016 3634 1047 3684 de
1063 3635 1178 3697 Anaxag.
1196 3637 1278 3684 πάντα

71 3716 104 3763 τὰ
121 3714 248 3777 ὁμοιομερῆ
263 3714 313 3763 olor
328 3715 358 3763 τὸ
375 3716 436 3777 lldsrp
452 3712 468 3775 ἢ
484 3717 532 3778 πῦρ
548 3713 564 3774 ἢ
580 3715 670 3777 χρυσόν
686 3714 745 3763 eto)
785 3712 848 3763 This
867 3713 921 3764 and
940 3713 1014 3765 other
1029 3728 1150 3776 passages
1167 3729 1235 3763 seem
1252 3717 1278 3764 io

71 3792 167 3844 desem
183 3792 228 3843 tue
244 3795 314 3844 text:
337 3808 380 3844 see
395 3797 471 3844 notes
487 3795 519 3844 2:
541 3797 586 3860 yet
602 3808 686 3857 comp.
703 3794 761 3845 858.
875 3795 923 3845 841
943 3797 1017 3857 ionis,
1037 3811 1152 3845 umorem.
1186 3799 1275 3857 ionem,

71 3890 181 3925 umen
190 3890 222 3925 ee
232 3874 324 3926 hamb.
336 3874 389 3926 and
399 3874 445 3925 the
454 3874 520 3938 plur.
535 3876 558 3925 is
570 3876 705 3926 awkward.
835 3876 883 3927 sla
894 3879 950 3926 ullo
958 3886 1033 3941 parte
1044 3880 1110 3926 idem
1121 3877 1191 3927 Nice.
1203 3879 1278 3940 vulgo

70 3958 113 4008 lor
124 3958 180 4006 ullo
190 3958 257 4007 wem
263 3964 347 4021 parte.
380 3958 436 4008 ullu
446 3959 513 4008 idem
523 3972 555 4007 ea
562 3966 637 4021 parte
648 3956 729 4009 Lech.
740 3958 847 4009 became
859 3959 937 4008 Luor.
949 3958 982 4009 he
997 3974 1056 4021 says
1067 3958 1128 4021 only
1140 3959 1218 4008 omits
1233 3958 1278 4009 the

71 4037 233 4103 proposition
243 4037 320 4089 when
330 4052 347 4088 a
356 4036 501 4101 genitiveis
512 4037 610 4097 added3
627 4038 674 4088 but
684 4041 714 4089 in
724 4041 796 4089 rebus
808 4054 891 4089 seems
906 4039 1053 4101 equivalent
1068 4043 1096 4089 to
1111 4054 1175 4089 one:
1193 4054 1277 4103 comp.

71 4122 167 4172 Juvon.
174 4134 203 4169 rr
212 4120 261 4172 437
272 4120 361 4183 Adque
371 4120 428 4169 olio
434 4126 510 4183 parte
520 4122 550 4169 in
561 4122 659 4170 trutino
670 4123 799 4184 suspendit
810 4122 954 4171 Homerum.
1017 4121 1065 4169 846
1076 4121 1119 4169 illi
1129 4135 1207 4183 supra
1219 4136 1278 4183 quos

72 4216 155 4265 marg.
163 4200 235 4251 Flos.
244 4200 277 4251 82
287 4198 346 4251 ulo.
356 4200 371 4250 1
382 4198 456 4251 dunt.
467 4200 508 4250 lor
518 4203 574 4250 illis
584 4204 644 4251 uiro
656 4204 722 4265 quod
732 4201 763 4260 Δ,
772 4216 821 4266 quo
831 4202 853 4251 B
863 4203 934 4252 Gott.
960 4203 1015 4251 illis
1021 4204 1100 4263 Juxta
1112 4202 1177 4264 quod
1189 4202 1278 4252 (lamb.

72 4284 134 4335 Vat.
147 4283 212 4336 1954
221 4280 317 4335 orhob.
325 4284 391 4333 stris
399 4284 476 4333 laeto
486 4298 546 4347 prun
557 4283 625 4332 Flor.
635 4286 665 4333 31
677 4284 732 4333 illis
743 4286 818 4333 iaetu
828 4283 894 4345 Aug.
905 4282 1018 4332 Politian
1029 4282 1057 4330 in
1069 4297 1150 4344 marg.
1159 4282 1227 4333 Flor.
1238 4285 1278 4335 29.

122 4367 172 4418 art
185 4364 306 4417 metuo
319 4362 389 4415 Ποῖ.
400 4364 431 4413 31
447 4363 536 4413 Oamb.
549 4363 589 4413 lor
602 4366 734 4415 inbecillo.
865 4365 912 4412 852
928 4366 1034 4427 effutiat
1048 4364 1070 4413 B
1086 4378 1150 4414 corr.
1166 4364 1235 4414 Flor.
1248 4365 1279 4414 31

1110 4466 1197 4528 5-2
