2834 4792
190 388 325 476 quodsi
348 388 429 453 forte
451 387 578 473 aliquis,
599 408 674 451 cum
696 408 827 473 corpora
847 386 1023 463 dissiluere,

189 502 262 559 tum
284 499 380 578 putat
402 489 436 556 id
458 491 527 556 fieri
550 489 627 576 quia
648 512 683 555 se
704 491 897 556 condenseat
918 514 982 568 aer,

189 605 293 675 errat;
321 618 394 660 nam
418 616 556 659 vacuum
578 602 650 659 tum
671 594 710 658 fit
732 593 819 680 quod
840 617 905 660 non
927 594 990 659 fuit
1012 603 1088 660 ante

189 708 224 766 et
245 700 389 785 repletur
409 697 488 763 item
512 720 649 763 vacuum
671 698 757 783 quod
779 698 926 763 constitit
946 707 1032 776 ante,

190 826 250 869 nec
271 803 331 869 tali
352 802 477 867 ratione
500 810 608 887 potest
629 802 792 867 denserier
813 824 877 880 aer,

190 927 258 983 nec,
280 905 308 969 si
328 904 394 968 iam
416 911 532 989 posset,
553 903 622 967 sine
644 903 734 967 inani
755 913 872 989 posset,
895 904 1015 990 opinor,

189 1010 259 1095 ipse
281 1009 315 1073 in
338 1030 373 1072 se
395 1008 523 1073 trahere
546 1015 580 1072 et
602 1006 705 1093 partis
727 1006 904 1073 conducere
927 1008 962 1072 in
984 1030 1094 1073 unum.

233 1112 446 1197 Quapropter,
469 1133 568 1196 quam
591 1110 598 1123 '
639 1111 800 1175 carrsando
822 1111 929 1177 mults
950 1113 1091 1189 moreris,

190 1237 258 1280 esse
280 1215 314 1279 iu
336 1214 432 1279 rebus
455 1214 551 1278 inane
568 1133 685 1381 iim
708 1214 829 1279 fateare
851 1224 1018 1280 necessest.

191 1319 358 1404 multaque
381 1324 548 1403 praeterea
586 1316 633 1381 ibi
655 1339 783 1402 possum
808 1318 1085 1383 commemorando

190 1430 382 1509 argumenta
403 1420 500 1485 fidem
523 1420 618 1484 dictis
640 1420 810 1485 conradere
831 1420 957 1486 nostris.

191 1549 303 1591 verum
325 1527 433 1591 animo
456 1524 535 1590 satis
557 1525 635 1589 haec
657 1524 793 1612 vestigia
814 1546 913 1610 parva
934 1526 1042 1613 sagaci

191 1639 267 1695 sunt
290 1653 348 1715 per
370 1651 452 1715 quae
476 1629 577 1714 possis
599 1650 788 1715 cognoscere
811 1636 919 1693 cetera
940 1637 1022 1695 tute.

190 1757 329 1819 namque
353 1756 447 1799 canes
469 1741 506 1798 ut
528 1735 733 1821 montivagae
754 1756 908 1820 persaepe
929 1734 1008 1800 ferai

190 1838 321 1902 naribus
342 1837 514 1901 inveniunt
536 1837 674 1901 intectas
696 1837 807 1901 fronde
829 1837 964 1923 quietes,

191 1963 264 2004 cum
287 1939 385 2004 semel
409 1939 600 2004 institerunt
624 1940 760 2026 vestigia
781 1950 870 2004 certa
892 1939 964 2016 viai,

190 2042 236 2107 sic
258 2042 324 2107 alid
346 2065 386 2107 ex
409 2043 471 2106 alio
494 2065 551 2127 per
573 2050 606 2106 te
629 2050 703 2107 tute
725 2042 794 2128 ipse
816 2042 925 2107 videre

191 2146 311 2211 talibus
333 2145 368 2209 in
391 2145 486 2210 rebus
508 2146 628 2230 poteris
650 2166 822 2230 caecasque
845 2145 984 2210 latebras

190 2249 353 2314 insinuare
376 2248 479 2311 omnis
501 2257 535 2312 et
557 2269 669 2312 verum
692 2248 878 2333 protrahere
900 2249 984 2313 inde.

190 2351 276 2438 quod
299 2352 326 2416 si
349 2350 494 2436 pigraris
508 2350 682 2434 paulumve
705 2350 870 2415 recesseris
892 2350 934 2414 ab
956 2373 1000 2427 re,

191 2455 250 2519 hcc
272 2454 334 2518 tibi
357 2453 397 2518 de
420 2453 516 2538 plano
539 2475 668 2538 possum
691 2454 889 2538 promittere,
912 2453 1064 2518 Memmi:

191 2580 292 2643 usque
315 2555 394 2621 adeo
417 2557 521 2642 largos
543 2556 679 2621 haustus
702 2578 719 2620 e
743 2556 880 2620 fontibn’
903 2535 1047 2644 magnis⁰

190 2661 302 2747 lingua
324 2681 395 2724 meo
418 2660 524 2723 suavis
546 2658 608 2723 diti
630 2659 670 2723 de
692 2668 820 2743 pectore
844 2658 967 2735 fundet,

190 2771 228 2828 ut
251 2786 361 2828 verear
382 2784 423 2826 ne
446 2762 540 2826 tarda
560 2762 650 2847 prius
672 2784 730 2848 per
752 2762 896 2827 membra
919 2772 1067 2827 senectus

190 2877 298 2952 serpat
321 2876 355 2931 et
377 2866 411 2929 in
434 2866 525 2930 nobis
548 2866 628 2930 vitai
650 2866 790 2930 claustra
812 2867 957 2943 resolvat,

190 2993 287 3057 quam
310 2970 372 3035 tibi
394 2970 435 3034 de
458 2970 571 3055 quavis
594 2993 715 3036 unare
738 2971 883 3036 versibus
906 2972 1010 3037 omnis

190 3084 455 3161 argumentorum
477 3074 520 3138 sit
543 3073 635 3159 copia
656 3060 834 3161 missaper
856 3074 950 3140 auris.

235 3177 300 3244 Sed
322 3186 467 3242 nunaut
490 3186 634 3264 repetam
656 3186 807 3263 coeptum
829 3188 996 3263 pertexere
1018 3179 1122 3257 dictis,

190 3281 295 3345 omnis
317 3289 355 3344 ut
378 3287 427 3345 cst
450 3279 552 3366 igitur
572 3301 631 3364 per
653 3301 686 3344 se
709 3288 827 3344 natura
849 3280 975 3346 duabus

192 3385 338 3449 constitit
360 3384 394 3448 in
417 3384 531 3461 rebus;
561 3406 637 3447 nam
660 3407 790 3471 corpora
812 3394 889 3450 sunt
913 3395 947 3451 et
969 3386 1075 3464 inane,

192 3489 270 3553 haec
294 3489 328 3552 in
351 3510 414 3573 quo
436 3488 500 3552 sita
522 3496 599 3551 sunt
622 3496 656 3552 et
678 3510 744 3572 qua
765 3489 891 3554 diversa
913 3500 1089 3556 moventur.

191 3613 306 3677 corpus
329 3591 415 3655 enim
438 3613 496 3676 per
518 3612 552 3654 se
577 3591 755 3655 communis
778 3591 906 3657 dedicat
928 3615 997 3658 esse

191 3717 323 3774 sensus;
349 3695 401 3759 cui
424 3693 486 3758 nisi
508 3694 612 3779 prima
634 3695 713 3759 fides
736 3696 871 3761 fundata
893 3698 1022 3774 valebit,

191 3798 272 3862 haut
294 3797 356 3861 erit
379 3797 513 3862 occultis
535 3798 575 3862 de
598 3798 694 3862 rebus
717 3821 780 3884 quo
802 3800 977 3864 referentes

105 3966 170 4018 Mar.
185 3965 241 4016 Ald.
255 3966 268 4013 l
280 3965 354 4015 Junt.
366 3965 405 4015 101
416 3960 529 4028 quinqua
636 3967 683 4016 391
696 3966 791 4017 Greech
802 3982 924 4033 supposes
935 3984 1006 4020 some
1016 3985 1068 4021 vss.
1084 3974 1112 4021 tc
1126 3971 1157 4021 ba
1172 3972 1226 4025 lost
1241 3976 1308 4026 aiter

104 4047 158 4096 this
168 4063 192 4098 v.
309 4047 356 4097 395
368 4046 526 4096 amenas
537 4060 602 4096 corr.
613 4047 682 4097 Flcr.
695 4048 725 4097 31
737 4047 778 4098 101
792 4050 970 4100 σοπάοπιενίεν.
1085 4053 1134 4102 404
1145 4054 1219 4117 serui
1233 4056 1303 4109 Nica

104 4129 172 4179 Flor.
187 4129 218 4178 31
234 4128 323 4178 Gamb.
340 4131 387 4178 etc.
404 4128 443 4178 ior
454 4130 550 4192 serare.
567 4129 683 4191 serarum
697 4130 720 4179 A
734 4144 798 4180 corr.
898 4132 946 4180 411
963 4133 994 4183 de
1005 4135 1086 4196 plano
1100 4134 1170 4187 Flcr.
1187 4137 1220 4186 al
1239 4138 1304 4190 Mar.

105 4211 236 4265 ,10111101
253 4211 368 4272 deptcnc.
502 4210 550 4258 412
570 4212 668 4273 mappis
687 4211 710 4259 A
726 4225 792 4261 corr.
811 4211 881 4261 Nico.
898 4212 935 4262 all
951 4212 996 4263 the
1012 4213 1071 4265 ItaL
1092 4214 1182 4266 Gamb.
1198 4222 1250 4269 etc.
1268 4220 1309 4272 for

104 4307 204 4353 mcpnas
219 4292 248 4341 01
260 4292 283 4339 A
297 4306 322 4354 p.
334 4305 368 4340 m.
405 4306 489 4340 amaea
503 4291 526 4339 B
541 4290 594 4340 and
609 4291 680 4340 Gott.
692 4290 745 4340 and
759 4292 814 4342 also
826 4307 897 4343 same
907 4294 931 4343 A
941 4307 1022 4353 corr.;
1039 4293 1143 4346 whence
1153 4296 1244 4349 Bentl.
1256 4301 1309 4352 and

105 4373 180 4423 Bern.
199 4373 260 4423 read
277 4374 356 4435 larpia
373 4373 473 4422 11010101
490 4387 511 4421 e.
524 4373 548 4435 s.
564 4375 654 4431 amau,
666 4371 771 4435 making
788 4375 803 4422 3
819 4372 938 4436 changes
975 4378 1086 4438 01090011
1101 4376 1193 4431 Hsins
1208 4378 1240 4431 in
1256 4396 1306 4435 ms,
