2834 4792
644 9 698 74 III

204 170 356 257 Denique
378 193 436 237 cur
456 171 558 237 animi
580 194 759 259 numquam
783 194 873 237 mens
895 171 1130 260 consiliumque
1217 180 1355 272 ὀρθ

160 274 309 362 gignitur
331 273 366 338 in
387 273 495 360 capite
517 283 576 341 aut
598 274 736 361 pedibus
758 273 960 353 manibusve,
982 275 1041 342 sed
1063 277 1140 342 unis

159 377 290 444 sedibus
311 384 346 443 et
367 377 465 442 certis
487 376 673 465 regionibus
694 377 844 443 omnibus
866 378 988 456 haeret,

159 483 187 547 si
208 504 273 546 non
295 491 383 547 certa
404 481 474 546 loca
494 481 537 547 ad
558 481 754 547 nascendum
776 480 904 547 reddita
925 482 1044 569 cuique

160 593 245 661 sunt,
269 595 303 651 et
325 584 383 650 nbi
405 583 559 670 quicquid
581 584 683 670 possit
704 584 821 649 durare
842 592 997 663 creatum,

641 694 662 733 1

158 767 258 845 atque
280 757 328 823 ita
348 756 551 823 multimodis
572 756 704 843 partitis
725 758 862 824 artubus
884 781 963 836 esse,
1213 760 1307 824 620

158 862 375 928 membrorum
398 869 436 926 ut
459 882 637 946 numquam
659 860 780 927 existat
800 870 1028 948 praeposterrm
1049 861 1150 928 ordol

158 988 261 1052 usque
282 963 363 1030 adeo
384 963 533 1050 sequitur
553 985 605 1029 res
627 985 696 1028 rem
717 986 824 1050 neque
846 963 978 1030 flamma
999 965 1106 1032 creari

156 1069 346 1135 fluminibus
366 1068 494 1134 solitast
518 1090 622 1154 neque
644 1067 680 1133 in
702 1067 772 1155 igni
793 1069 921 1156 gignier
942 1069 1041 1156 algor.

200 1174 372 1238 Praeterea
392 1171 420 1237 si
441 1171 622 1237 inmortalis
643 1180 762 1237 natura
783 1172 937 1238 animaist

157 1284 191 1342 et
212 1275 333 1341 sentire
355 1283 464 1362 potest
486 1283 609 1340 secreta
630 1296 650 1339 a
671 1297 802 1360 corpore
823 1282 942 1353 nostro,
1212 1270 1320 1342 625

157 1379 308 1466 quinque,
331 1387 370 1444 ut
392 1378 512 1465 opinor,
535 1399 607 1443 eam
630 1377 818 1443 faciundum
840 1386 891 1444 est
912 1377 1063 1444 sensibus
1084 1388 1236 1460 auctam3

156 1504 214 1547 nec
236 1481 361 1546 ratione
382 1480 447 1546 alia
469 1488 595 1546 nosmet
617 1502 794 1567 proponere
817 1481 909 1546 nobis

156 1606 325 1671 possumus
347 1583 489 1648 infernas
510 1583 635 1648 ammas
657 1582 846 1649 Acherunte
868 1583 987 1671 vagari

155 1687 294 1775 pictores
315 1687 427 1773 itaque
450 1695 484 1752 et
506 1685 699 1772 scriptorum
722 1687 828 1752 saecla
849 1687 957 1774 priora

155 1791 200 1857 sic
221 1790 346 1856 animas
368 1790 454 1854 intro
476 1789 639 1855 duxerunt
662 1790 809 1856 sensibus
830 1801 951 1858 auctus
1211 1793 1233 1856 6
1235 1785 1351 1871 30

154 1904 189 1960 at
211 1917 316 1980 neque
339 1917 462 1959 sorsum
485 1893 570 1959 oculi
591 1916 697 1980 neque
719 1917 813 1960 nares
834 1917 895 1961 nec
917 1917 1034 1962 manus
1056 1895 1128 1982 ipsa

154 2019 222 2064 esse
244 2005 351 2084 potest
374 1997 501 2062 animae
524 2018 629 2082 neque
651 2019 776 2063 sorsum
798 1997 920 2085 lingua,
941 2020 1048 2085 neque
1070 2019 1168 2064 aures

152 2101 268 2166 auditu
290 2122 348 2186 per
370 2122 404 2164 se
425 2108 561 2185 possunt
583 2099 703 2165 sentire
725 2122 830 2186 neque
853 2123 931 2167 esse.

197 2204 241 2269 Et
263 2202 415 2291 quoniam
439 2211 508 2267 toto
530 2203 690 2267 sentimus
711 2224 841 2288 corpora
863 2205 968 2269 inesse

154 2308 285 2373 vitalem
307 2329 438 2372 sensum
461 2315 495 2371 et
518 2313 625 2370 totum
649 2328 717 2371 esse
740 2306 880 2372 animale
902 2306 1058 2386 videmus,
1210 2312 1320 2387 63
1346 2297 1363 2365 5

153 2413 180 2477 si
203 2412 311 2476 subito
334 2409 478 2475 medium
500 2408 596 2474 celeri
617 2408 812 2495 praeciderit
835 2409 904 2475 ictu

153 2517 201 2581 vis
223 2515 331 2601 aliqua
353 2523 391 2579 ut
414 2536 537 2578 sorsum
560 2521 687 2599 partem
709 2521 855 2579 secernat
878 2521 1060 2601 utramque,

152 2619 324 2705 dispertita
346 2617 456 2704 procul
479 2616 578 2682 dubio
602 2639 730 2703 quoque
754 2617 802 2683 vis
824 2617 945 2683 animai

153 2734 187 2790 et
208 2723 340 2789 discissa
362 2721 459 2786 simul
482 2743 556 2786 cum
579 2742 709 2806 empore
731 2719 922 2787 dissicietur.

151 2835 186 2891 at
208 2825 293 2911 quod
316 2823 475 2888 scinditur
497 2833 531 2888 et
553 2823 655 2909 partis
677 2822 815 2889 discedit
837 2823 873 2887 in
895 2823 987 2904 ullas,
1206 2819 1355 2898 640

151 2928 273 2992 scilicet
295 2936 460 2991 aeternam
483 2925 546 2989 sibi
570 2933 719 2989 naturam
741 2924 858 2991 abnuit
880 2948 957 2991 esse.

151 3031 307 3096 falciferos
330 3037 509 3094 memorant
531 3051 644 3093 currus
666 3029 829 3094 abscidere
854 3030 998 3094 membra

150 3157 245 3221 saepe
268 3134 316 3199 ita
337 3134 377 3199 de
400 3133 509 3198 subito
531 3133 693 3219 permixta
715 3133 812 3198 caede
835 3133 979 3210 calentis,

151 3246 189 3302 ut
211 3245 348 3302 tremere
371 3236 404 3300 in
427 3243 513 3300 terra
534 3235 685 3299 videatur
706 3235 747 3299 ab
769 3234 905 3300 artubus
927 3234 962 3300 id
985 3235 1073 3322 quod

149 3340 270 3406 decidit
293 3339 462 3415 abscisum,
483 3361 557 3403 cum
580 3359 672 3402 mens
694 3347 806 3403 tamen
827 3348 926 3424 atque
948 3339 1090 3405 hominis
1112 3340 1161 3406 vis
1203 3337 1292 3413 645

148 3442 329 3508 mobilitate
351 3441 428 3505 mali
451 3463 515 3505 non
537 3440 610 3526 quit
632 3440 752 3505 sentire
775 3440 937 3521 dolorem;

147 3554 180 3611 et
203 3545 301 3611 semel
324 3545 359 3608 in
381 3567 510 3631 pugnae
532 3544 640 3608 studio
663 3545 749 3630 quod
771 3545 882 3611 dedita
904 3567 996 3610 mons
1019 3552 1080 3623 est,

64 3667 199 3724 Gauderet,
212 3666 351 3728 praeloupa
366 3679 440 3713 senec
457 3671 502 3712 aut
519 3678 613 3712 cornua
629 3679 724 3714 cervus.
819 3664 867 3715 617
882 3665 1025 3726 ropionibus
1042 3665 1156 3715 omuibus
1172 3664 1256 3714 basra.

61 3747 198 3810 repiouibu‘
212 3748 321 3810 pectoris
339 3747 364 3794 b.
381 3743 460 3794 Laoh.
494 3746 601 3793 luminis
616 3759 667 3806 rep.
687 3746 772 3794 haeret
788 3744 837 3794 Ed.
855 3744 985 3808 formerly.
1130 3746 1202 3797 After
1217 3742 1253 3796 ul

62 3845 195 3880 somevss.
208 3829 321 3879 sralost.
388 3828 435 3877 620
443 3829 550 3892 partitis
561 3827 638 3877 Bsrn.
650 3828 690 3877 for
697 3843 746 3890 pro
758 3830 824 3879 totis.
852 3829 973 3892 perfectis
983 3827 1065 3878 Iroch.
1132 3830 1254 3880 subnoto
1316 3824 1318 3833 '

61 3927 138 3974 neque
151 3913 246 3973 insipat
257 3910 309 3961 AB.
346 3911 441 3971 iniqui
452 3908 522 3958 Nice.
558 3910 635 3958 solita
646 3916 682 3957 est
693 3908 763 3959 Flor.
775 3910 806 3957 31
819 3907 907 3960 (lamb.
923 3909 999 3958 Pont.
1012 3909 1078 3960 Mar.
1186 3909 1254 3961 suls

61 3994 209 4042 imnwrtalis
219 3990 290 4041 Nico.
302 3991 342 4040 for
352 3993 376 4040 si
387 3992 508 4040 mortalis.
627 3989 674 4039 628
684 3993 777 4051 vapori
787 3989 867 4040 Lech.
879 3991 919 4040 for
929 4005 1028 4041 vacare.
1060 3992 1252 4055 vameoorr.

60 4074 151 4123 Lamb.
163 4073 232 4135 vulg.
243 4071 354 4135 perhaps
365 4070 470 4134 rightly.
612 4071 659 4120 632
671 4072 771 4121 animae
783 4071 845 4122 Pius
855 4071 1081 4135 coniforcuimc.
1218 4072 1256 4123 tu

62 4156 160 4203 Audita
171 4152 220 4203 Ed.
233 4154 272 4203 for
282 4154 412 4202 Auditum.
446 4153 527 4201 Haud
537 4154 618 4213 icitur
627 4151 708 4202 Lech.
720 4151 778 4202 who
788 4151 850 4203 hare
860 4151 950 4216 begins
961 4166 978 4203 a
988 4165 1046 4203 new
1057 4156 1187 4206 centenos
