2834 4792
660 186 690 250 V

198 349 294 414 Luna
314 355 424 435 potest
444 349 521 415 solis
542 349 642 415 radiis
663 371 814 436 percussa
835 349 939 415 nitere

153 451 255 539 inque
277 451 347 518 dies
369 451 472 540 magis
493 451 531 518 id
552 452 663 519 lumen
683 461 869 518 convertere
891 452 984 518 nobis

154 552 197 619 ad
220 553 370 640 speciem,
392 562 552 639 quantum
573 554 650 620 solis
672 554 794 620 secedit
814 553 857 619 ab
879 554 957 632 orbi,

154 655 296 742 donique
319 679 395 722 eum
417 665 530 722 contra
551 658 648 743 pleno
669 657 753 723 bene
775 657 898 723 lumine
921 656 1011 721 fulsit

155 768 256 845 atque
278 760 383 824 oriens
405 760 514 825 obitus
536 760 606 825 eius
628 760 836 846 superedita
858 760 959 838 vidit;

155 865 233 930 inde
254 865 444 931 minutatim
466 873 552 930 retro
574 865 667 951 quasi
688 864 824 930 condere
847 865 957 930 lumen

156 970 255 1035 debet
277 970 367 1048 item,
388 979 510 1056 quanto
532 970 664 1056 propius
686 969 752 1034 iam
775 969 849 1033 solis
871 968 913 1034 ad
934 968 1043 1056 ignem

158 1073 279 1138 labitur
301 1097 341 1138 ex
363 1073 427 1138 aha
448 1073 612 1160 signorum
634 1082 727 1159 parte
751 1094 808 1158 per
829 1073 957 1151 orbem;

158 1185 197 1242 ut
219 1177 351 1256 faciunt,
374 1177 484 1242 lunam
506 1177 564 1263 qui
585 1177 715 1264 fingunt
737 1198 806 1242 esse
829 1176 907 1262 pilai

159 1280 357 1345 consimilem
379 1302 554 1366 cursusque
577 1280 662 1345 viam
685 1279 745 1345 sub
767 1280 833 1345 sole
855 1288 974 1346 tenere.

158 1392 209 1449 est
231 1384 331 1449 etiam
354 1406 451 1469 quare
474 1384 601 1470 proprio
623 1407 698 1449 cum
721 1384 843 1449 lumine
865 1384 966 1470 possit

159 1486 281 1551 volvier
302 1495 337 1551 et
361 1488 463 1552 varias
484 1486 662 1572 splendoris
684 1487 817 1552 reddere
839 1488 964 1551 formas.

160 1611 276 1675 corpus
298 1589 385 1654 enim
407 1588 483 1654 licet
506 1611 574 1655 esse
596 1589 686 1655 aliud
708 1590 794 1674 quod
817 1591 919 1655 fertur
941 1598 975 1655 et
998 1612 1062 1655 una

161 1693 283 1759 labitur
304 1693 498 1759 omnimodis
520 1716 688 1759 occursans
709 1694 915 1780 afficiensque

161 1819 222 1861 nec
243 1798 329 1883 potis
352 1806 402 1862 est
424 1797 522 1874 cerni,
545 1797 623 1883 quia
644 1819 769 1862 cassum
792 1797 915 1862 lumine
938 1797 1047 1862 fertur.

161 1898 344 1984 versarique
367 1907 484 1985 potest,
505 1899 621 1986 globus
644 1907 690 1976 ut,
713 1899 740 1963 si
763 1900 853 1976 sorte,
876 1899 955 1985 pilai

162 2002 297 2068 dimidia
319 2025 359 2067 ex
380 2003 467 2089 parti
490 2002 642 2068 candenti
663 2002 786 2068 lumine
807 2002 938 2078 tinctus,

164 2107 381 2193 versandoque
402 2106 535 2195 globum
558 2107 713 2172 variantis
736 2107 829 2172 edere
852 2107 977 2182 formas,

163 2208 303 2294 donique
326 2231 397 2274 eam
420 2217 554 2294 partem,
577 2231 799 2295 quaecumque
822 2217 871 2275 est
893 2209 1024 2296 ignibus
1045 2218 1149 2284 ancta,

163 2307 205 2372 ad
227 2307 366 2394 speciem
390 2308 489 2373 vertit
511 2308 603 2373 nobis
625 2308 795 2393 oculosque
817 2308 980 2393 patentis;

165 2409 241 2474 inde
263 2410 452 2475 minutatim
474 2419 559 2476 retro
582 2418 772 2496 contorquet
794 2420 829 2475 et
850 2411 956 2475 aufert

165 2512 330 2578 luciferam
356 2521 482 2599 partem
503 2513 743 2599 glomeraminis
764 2522 863 2599 atque
886 2512 982 2598 pilai;

165 2624 204 2680 ut
226 2616 423 2702 Babylonica
445 2615 645 2682 Chaldaeum
668 2616 813 2681 doctrina
834 2616 978 2680 refutans

164 2719 397 2807 astrologorum
420 2728 523 2785 artem
547 2727 658 2784 contra
679 2720 866 2784 convincere
888 2719 1004 2797 tendit,

164 2821 299 2906 proinde
321 2824 413 2907 quasi
435 2822 469 2886 id
492 2823 562 2888 fieri
583 2830 724 2907 nequeat
746 2822 832 2907 quod
854 2831 981 2909 pugnat
1003 2831 1141 2908 uterque

165 2936 225 2992 aut
246 2928 354 2991 minus
377 2927 437 2991 hoo
458 2926 513 2990 illo
535 2926 579 2991 sit
601 2948 659 2990 cur
679 2925 868 3011 amplectier
888 2925 982 2991 ausis.

166 3030 306 3116 denique
329 3052 386 3094 cur
407 3037 548 3115 nequeat
570 3051 696 3115 semper
718 3051 801 3094 nova
823 3029 901 3093 luna
922 3028 1023 3093 creari

166 3133 278 3199 ordine
301 3133 474 3198 formarum
497 3141 584 3198 certo
606 3134 765 3220 certisque
787 3133 900 3220 figuris

166 3236 266 3321 inque
288 3236 356 3301 dies
378 3238 484 3322 privos
506 3236 642 3302 aborisci
664 3259 811 3323 quaeque
833 3245 941 3302 creata

114 3461 160 3499 ers
177 3449 206 3496 to
223 3445 360 3504 660-665,
378 3445 430 3494 and
447 3444 505 3494 that
521 3460 537 3494 a
553 3460 624 3495 verse
640 3444 663 3495 is
678 3446 729 3495 lost
746 3445 811 3495 such
828 3460 856 3495 as
873 3445 934 3508 this,
956 3448 1006 3508 Qui
1023 3449 1128 3510 faciant
1144 3449 1204 3498 solis
1219 3463 1285 3498 aava

114 3543 175 3594 sper
187 3529 284 3576 lamina
299 3529 390 3590 pipat:
406 3525 531 3588 probably
541 3526 576 3575 its
591 3525 765 3577 resemblance
781 3529 808 3575 to
819 3529 867 3580 703
882 3527 975 3578 caused
986 3527 1021 3578 its
1037 3529 1168 3579 omission.
1203 3528 1284 3579 Laoh.

114 3610 213 3672 angely
229 3623 352 3671 supposes
369 3608 414 3658 the
431 3611 550 3659 sentence
566 3609 692 3671 complete
711 3608 763 3659 and
779 3608 849 3671 jains
866 3610 913 3660 704
929 3609 992 3660 with
1009 3612 1065 3672 703,
1084 3625 1113 3660 as
1130 3611 1151 3660 if
1167 3611 1285 3673 anybody

114 3691 157 3744 ild
175 3704 234 3740 ever
250 3689 317 3751 deny
328 3689 388 3739 that
405 3688 449 3739 tha
467 3704 516 3739 sun
533 3704 590 3739 rose
606 3689 635 3738 in
652 3704 668 3739 a
683 3688 782 3739 certain
799 3694 918 3751 quarter:
936 3692 984 3742 704
1000 3690 1085 3740 which
1101 3691 1135 3755 by
1151 3691 1222 3742 itsell
1236 3692 1286 3742 has

117 3771 249 3833 meaning
260 3786 311 3821 vas
322 3771 413 3834 placed
424 3771 490 3821 aiter
501 3771 549 3824 714
560 3771 593 3833 by
604 3771 716 3832 Nauger.
728 3770 846 3820 followed
857 3771 889 3833 by
900 3771 936 3822 all
947 3772 1032 3822 before
1043 3771 1123 3823 Lach.
1237 3775 1285 3826 705

114 3871 199 3909 cassa
210 3854 278 3905 Flos.
294 3856 325 3903 31
338 3853 427 3904 (lamb.
439 3854 524 3904 beiora
535 3853 627 3906 Lamb.
641 3855 681 3904 sor
690 3857 813 3917 perculsa.
923 3855 971 3907 706
981 3857 1062 3917 maala
1072 3856 1101 3904 id
1113 3857 1194 3905 lumea
1204 3856 1285 3906 Lach.

129 3937 218 3998 amab
235 3937 325 3985 larua.
360 3939 441 3999 maala
459 3939 503 3986 hoa
520 3936 589 3984 Flor.
607 3936 646 3986 31.
682 3938 763 3985 maias
780 3934 844 3986 Mar.
863 3933 920 3986 Ald.
935 3936 1034 3985 lJunt.
1051 3936 1120 3998 vulg.
1153 3940 1244 4000 maala:
1262 3947 1286 3989 at

114 4034 163 4071 sca
180 4017 256 4068 Post.
273 4018 384 4079 Nauger.
509 4017 556 4068 708
574 4019 620 4068 723
637 4019 763 4081 Doaiqae.
796 4018 921 4066 Dorticum
936 4017 1026 4068 Lamb.
1047 4019 1162 4081 wrongly
1177 4019 1206 4069 in
1222 4020 1286 4072 both

114 4115 177 4154 aes.
320 4101 368 4152 711
380 4099 509 4148 iamMar.
521 4099 692 4150 Alleunt.
704 4100 816 4149 fartam.
963 4099 1012 4151 720
1022 4107 1058 4162 at,
1072 4102 1096 4150 si
1102 4102 1179 4163 forte.
1212 4106 1286 4152 assit

114 4192 147 4234 *te
159 4180 240 4231 Lech.
252 4181 318 4230 aiter
329 4182 352 4232 J.
367 4181 456 4230 Dousa
466 4181 503 4229 fil.
517 4181 588 4230 ‘sinc
602 4181 657 4230 ulla
667 4195 746 4231 causa
757 4184 783 4230 et
794 4195 854 4230 cum
864 4179 990 4230 orationis
1006 4181 1198 4244 sententiaeque
1209 4182 1285 4234 detri-

114 4263 188 4317 ento’
199 4277 258 4326 says
269 4263 372 4326 Madvig
383 4262 483 4312 emend.
495 4261 551 4314 Liv.
565 4277 591 4325 p.
605 4264 660 4315 123.
777 4264 825 4315 727
836 4263 994 4326 Babylonica
1005 4261 1075 4312 Flor.
1086 4264 1117 4312 31
1129 4264 1207 4314 Pont.
1220 4265 1283 4317 Mar.

114 4368 115 4376 ¹
135 4347 303 4410 Babylonica.
339 4345 491 4395 Chaldaeum
504 4345 601 4394 Avanc.
615 4345 752 4394 stamma
767 4343 821 4394 AB.
857 4344 994 4394 chaldeam
1010 4344 1032 4394 A
1048 4358 1114 4395 corr.
1126 4344 1196 4397 Nico.
1215 4346 1282 4399 Flor.

171 4445 207 4495 M„
1159 4433 1198 4495 15
