2834 4792
700 210 737 275 ΙΙ

213 392 308 456 posse
329 395 350 438 a
370 394 434 437 non
456 394 552 438 sensu
574 394 705 438 sensum
728 372 959 450 mutabilitate,

214 484 274 541 aut
296 477 404 563 aliquo
426 485 595 564 tamquam
617 485 714 563 partu
736 477 823 563 quod
846 476 992 562 proditus
1014 487 1113 555 extet,

218 577 293 644 huic
314 579 393 645 satis
414 580 498 646 illud
520 581 584 646 erit
605 580 739 666 planum
763 580 866 645 facere
888 588 987 665 atque
1010 581 1144 666 probare

217 702 280 746 non
301 682 373 747 fieri
393 690 524 769 parturn
546 683 610 747 nisi
632 682 766 747 concilio
788 690 865 746 ante
887 691 997 747 coacto
1268 702 1309 768 93
1315 698 1330 767 5

216 805 271 851 neo
295 786 468 872 quicquam
491 786 684 851 commutari
706 786 775 851 sine
798 785 985 851 conciliatu.

217 890 373 976 principio
394 901 563 976 nequeunt
586 890 684 955 ullius
705 891 845 977 corporis
867 912 935 955 esse

216 1014 328 1059 sensus
350 1004 426 1060 ante
449 995 554 1080 ipsam
576 994 722 1081 genitam
744 1004 895 1060 naturam
918 993 1104 1071 animantis,

212 1099 369 1164 nimirum
392 1099 469 1185 quia
491 1099 643 1164 materies
665 1098 800 1164 disiecta
821 1106 956 1164 tenetur

210 1223 287 1269 aere
309 1202 500 1268 fluminibus
521 1203 616 1269 terris
638 1212 789 1290 terraque
811 1203 937 1280 creatis,

206 1329 272 1373 nec
296 1329 465 1394 congressa
487 1308 583 1373 modo
604 1307 713 1373 vitalis
736 1307 942 1373 convenienti

202 1413 354 1478 contulit
376 1412 518 1478 interae
541 1421 657 1489 motus,
680 1413 798 1499 quibus
820 1412 1042 1477 omnituentes

195 1517 339 1584 accensi
361 1539 474 1581 sensus
495 1516 662 1581 animante
686 1516 720 1580 in
742 1537 871 1601 quaque
894 1515 1032 1579 cientur.

252 1621 430 1685 Praeterea
450 1620 598 1705 quamvis
619 1619 820 1685 animantem
842 1618 994 1705 grandior
1015 1618 1108 1694 ictus,

188 1745 311 1812 quam
334 1725 461 1810 patitur
483 1733 610 1803 natura,
631 1733 765 1809 repente
788 1723 916 1810 adfligit
939 1731 973 1787 et
998 1723 1102 1787 omnis
1268 1738 1331 1807 945

184 1826 352 1913 eorporis
374 1835 473 1912 atque
495 1826 597 1892 animi
618 1827 726 1914 pergit
748 1826 942 1891 confundere
965 1848 1083 1890 sensus.

181 1927 437 1996 dissoluuntur
458 1931 546 1994 enim
568 1931 731 2016 positurae
753 1931 984 2016 principiorum

181 2042 242 2099 et
268 2032 404 2118 penitus
425 2041 534 2097 motus
556 2033 672 2098 vitales
693 2033 915 2120 inpediuntur,

180 2131 314 2200 donec
335 2134 497 2211 materies,
519 2135 624 2199 omnis
645 2157 798 2200 concussa
819 2157 878 2220 per
901 2143 1001 2212 artus,

182 2237 322 2303 vitalis
343 2237 471 2302 animae
494 2238 594 2303 nodos
615 2261 635 2302 a
657 2261 786 2325 corpore
809 2240 904 2304 solvit

183 2339 453 2428 dispersamque
476 2340 560 2406 foras
582 2364 641 2428 per
661 2343 769 2407 caulas
792 2342 887 2407 eiecit
911 2343 1024 2407 omnia.

185 2461 289 2510 nam
312 2444 390 2530 quid
412 2453 580 2530 praeterea
603 2446 706 2511 facere
728 2446 830 2510 ictum
853 2468 945 2531 posse
969 2467 1098 2510 reamur

191 2548 368 2624 oblatum,
390 2547 454 2613 nisi
476 2548 637 2613 discutere
659 2571 696 2612 ac
718 2547 892 2612 dissolvere
916 2552 1090 2632 quaeque?

193 2650 247 2716 fit
271 2672 401 2738 quoque
423 2652 475 2717 uti
497 2653 623 2718 soleant
645 2652 753 2716 minus
775 2652 883 2717 oblato
906 2651 1026 2716 acriter
1047 2652 1115 2716 ictu

197 2756 331 2841 reliqiii
352 2764 460 2820 motus
482 2755 592 2821 vitalis
614 2756 740 2821 vincere
763 2778 868 2841 saepe,
1269 2771 1329 2839 955

203 2861 347 2936 vincere,
371 2869 406 2925 et
427 2859 708 2947 ingentis-plagae
730 2858 841 2924 sedare
865 2859 1030 2923 tumultus

207 2964 312 3050 inque
335 2985 409 3028 suos
432 2963 586 3049 quioquid
608 2986 719 3028 rursus
741 2986 888 3029 revocare
912 2971 1040 3028 meatus

1236 1058 1248 1086 9

55 3095 206 3208 ῖοείὶὴ
219 3127 294 3176 tunt.
323 3131 416 3188 patrer
431 3124 523 3174 Lamb.
649 3126 696 3176 936
713 3125 788 3175 Pone
805 3141 822 3174 a
838 3140 888 3174 non
904 3140 978 3175 semu
995 3125 1069 3175 Wak.
1087 3126 1127 3175 for
1143 3128 1218 3177 Posse
1236 3143 1265 3177 ea
1281 3143 1331 3178 non

61 3187 209 3300 ιζ’ῑδιι,
218 3206 308 3258 rather
324 3205 407 3256 better
421 3204 488 3255 than
503 3206 579 3256 Potae
594 3222 624 3256 ex
636 3206 663 3255 of
678 3206 769 3257 hamb.
780 3206 860 3258 Lech
880 3211 929 3256 eto.
963 3207 1062 3260 ePont.
1098 3223 1194 3258 semum
1203 3212 1331 3259 motabili·

64 3327 84 3368 t
119 3270 173 3324 ιθ
192 3287 329 3340 1011111οᾱ.
343 3288 472 3338 3111110111
483 3287 523 3338 for
534 3303 618 3339 senene
629 3296 689 3338 mut.
723 3288 803 3339 Lech.
814 3289 893 3351 keeps
903 3304 997 3339 sensns.
1112 3292 1159 3341 933
1172 3292 1330 3354 000115110άί-

63 3343 152 3450 eu*
189 3379 249 3422 estet
265 3370 317 3420 Ed.
332 3370 372 3419 for
386 3371 454 3434 quod
461 3373 593 3434 proditam
607 3378 687 3421 extra.
720 3372 914 3435 quodprotinua
925 3379 1011 3420 extent
1022 3370 1102 3420 Laeh.
1137 3374 1203 3436 qnod
1210 3374 1331 3434 proditur

63 3426 199 3532 eaetffn
208 3453 283 3503 Pont.
296 3453 385 3511 Bern.;
401 3452 449 3501 but
461 3451 506 3502 the
517 3453 602 3502 010110
613 3453 717 3515 obliqua
727 3452 841 3515 requires
853 3453 898 3503 the
911 3453 1082 3516 subjunctive.
1218 3455 1267 3504 936
1278 3456 1331 3503 stne

64 3511 272 3638 sl'lcitiatu.
306 3537 360 3585 nni
373 3537 538 3585 conciliatam
550 3535 655 3586 Goebel.
785 3539 833 3589 938
849 3539 932 3599 ipsam
944 3536 1012 3587 Flor.
1027 3539 1058 3586 31
1070 3536 1160 3588 (lamb.
1174 3537 1250 3587 Pont.
1263 3537 1327 3587 Mar.

130 3599 185 3668 Q.
196 3619 210 3667 1
221 3617 295 3667 Junt.
307 3616 349 3666 ior
360 3618 445 3666 leram.
552 3617 601 3669 946
613 3625 727 3680 terraque
739 3621 838 3668 creatis.
872 3618 947 3668 Wsk.
960 3617 1010 3667 has
1020 3618 1139 3681 properly
1150 3618 1265 3668 retained
1277 3618 1331 3667 this

64 3658 272 3795 Jssdingof
281 3699 392 3749 allmss.
418 3700 574 3763 flammaque
585 3702 675 3750 creatis
686 3700 751 3752 Mar.
766 3700 824 3750 Ald.
838 3701 852 3748 1
864 3700 939 3750 Junt.
951 3700 1019 3763 vulg.
1031 3699 1118 3750 before
1129 3700 1202 3750 Wan
1234 3703 1333 3750 aethm-

92 3754 166 3819 ὶιθ
187 3783 278 3830 creatis
295 3779 390 3831 Lech:
408 3778 455 3829 but
471 3779 485 3828 1
503 3779 536 3830 do
554 3783 601 3830 not
618 3781 692 3831 know
703 3781 774 3831 what
791 3783 881 3831 aethra
900 3789 987 3832 ereata
1003 3796 1054 3842 are,
1068 3781 1158 3830 unless
1174 3781 1234 3844 they
1244 3782 1275 3832 be
1286 3781 1331 3831 the

67 3822 195 3955 {¹110
210 3875 241 3911 ae
258 3869 328 3911 terra
343 3868 437 3922 create,
457 3859 502 3910 the
519 3861 623 3912 various
639 3862 761 3925 products
777 3863 804 3912 01
821 3863 865 3912 the
882 3862 964 3912 earth.
1108 3862 1155 3913 941
1173 3865 1330 3912 convenienti

108 3929 214 3993 ιλὶ1111.
231 3943 272 3993 tor
288 3943 461 3994 convenientes
477 3941 564 3993 which
580 3942 660 3992 Lach.
677 3943 786 3993 retains:
809 3942 854 3993 the
870 3942 1044 3992 termination
1061 3943 1089 3992 of
1105 3944 1152 3994 942
1169 3941 1218 3991 has
1235 3943 1329 3992 caused

72 3978 162 4065 thQ
182 4022 302 4074 mistake.
463 4024 512 4075 943
529 4026 703 4075 animantem
719 4041 818 4089 quaque
834 4027 933 4075 cientur
950 4025 1028 4087 Hugo
1045 4024 1177 4073 Purmann
1194 4024 1222 4072 in
1239 4025 1331 4074 Jahn's

80 4061 242 4198 {fillebi
261 4105 355 4157 Philol.
375 4107 407 4158 69
422 4121 449 4170 p.
468 4107 515 4159 673
532 4108 572 4158 101
588 4111 742 4158 animantem
758 4124 881 4173 quamque
899 4116 1008 4160 tuentur.
1045 4111 1202 4158 animantum
1218 4117 1329 4158 concute-

109 4179 212 4238 e'sttar
221 4186 303 4238 Laoh.
475 4188 523 4239 942
535 4188 612 4238 Bern.
624 4189 698 4238 reads
709 4192 868 4239 omnicreator
879 4189 932 4240 and
944 4191 993 4240 943
1003 4190 1081 4252 keeps
1093 4188 1138 4238 the
1149 4203 1197 4240 ms.
1211 4189 1329 4249 reading:

96 4242 263 4321 t'uenturis
280 4269 352 4332 quite
367 4268 468 4332 foreign
483 4271 512 4319 to
529 4269 573 4320 the
590 4285 664 4320 sense
680 4272 707 4320 01
723 4271 767 4322 the
783 4287 910 4335 passage3
928 4272 980 4321 else
997 4271 1072 4321 Iuor.
1090 4270 1174 4319 would
1191 4275 1236 4320 not
1253 4271 1329 4321 avoid

103 4334 199 4415 ΠΒ’1115
213 4352 378 4402 omnituentes
395 4351 447 4402 and
465 4359 567 4401 tutentur
584 4352 707 4414 together.
862 4354 910 4405 951
928 4355 1017 4402 oantcs
1033 4353 1055 4400 B
1072 4366 1137 4401 corr.
1154 4351 1223 4400 Flor.
1241 4354 1272 4401 31
1289 4353 1329 4402 tor

10 4458 78 4786 χ,
