2804 4786
685 220 741 285 111

196 391 254 448 aut
276 381 380 469 magis
402 382 488 447 inter
508 403 543 446 se
565 380 764 446 disiunctum
785 379 1072 466 discrepitansque,

197 507 296 572 quam
318 486 455 551 mortale
478 485 565 571 quod
588 493 638 550 est
659 484 824 549 inmortali
845 491 945 570 atque
966 483 1106 569 perenni

195 590 344 656 iunctum
365 591 401 656 in
423 590 556 656 coneilio
579 612 689 655 saevas
711 591 847 656 tolerare
870 588 1050 674 proeellas?

195 696 281 783 quod
303 696 332 761 si
354 697 437 761 forte
459 695 531 761 ideo
553 695 657 783 magis
678 693 869 759 immortalis
892 691 1082 768 habendast

195 799 281 886 quod
303 799 455 865 letalibus
477 799 519 864 ab
540 798 637 864 rebus
659 798 787 862 munita
808 805 948 873 tenetur,

195 910 254 966 aut
276 901 354 987 quia
374 923 440 966 non
462 901 599 966 veniunt
620 900 751 966 omnino
773 900 879 965 aliena
900 900 1015 965 salutis

195 1015 254 1071 aut
276 1006 353 1093 quia
374 1028 458 1092 quae
480 1005 617 1070 veniunt
639 1005 749 1091 aliqua
770 1004 894 1070 ratione
916 1003 1073 1069 recedunt

194 1110 288 1195 pulsa
308 1110 399 1195 prius
421 1131 519 1195 quam
541 1108 620 1196 quid
641 1118 779 1175 noceant
800 1108 922 1175 sentire
944 1131 1111 1195 queemue,

194 1326 323 1404 praeter
344 1317 431 1382 enim
454 1339 552 1403 quam
574 1317 660 1403 quod
682 1317 802 1382 morbis
824 1339 898 1382 oum
920 1317 1061 1402 corporis
1083 1327 1208 1404 aegret,

193 1420 327 1484 advenit
348 1419 383 1485 id
405 1419 492 1506 quod
514 1441 584 1485 eam
608 1419 648 1484 de
671 1419 767 1484 rebus
789 1441 884 1504 saepe
908 1420 1028 1484 futuris

195 1532 335 1589 macerat
357 1524 456 1611 inque
478 1533 570 1590 metu
591 1525 676 1590 male
699 1525 799 1591 habet
820 1525 968 1610 curisque
991 1524 1110 1611 fatigat

193 1627 441 1714 praeteritisque
463 1629 718 1694 maleadmissis
740 1637 873 1714 peccata
895 1629 1089 1693 remordent.

193 1731 275 1795 adde
298 1731 439 1796 furorem
461 1731 562 1796 animi
583 1731 749 1818 proprium
772 1740 871 1819 atque
893 1731 1013 1797 oblivia
1035 1754 1155 1807 rerum,

107 1915 180 1965 Junt.
192 1917 233 1966 for
243 1919 379 1966 maroam·
451 1917 499 1967 805
510 1932 597 1967 saevae
608 1917 674 1966 Mar.
685 1917 760 1967 Junt.
773 1917 916 1967 torsoloas.
990 1916 1174 1966 soe-ele=v
1186 1919 1218 1966 35

106 1997 175 2047 word
192 1998 232 2047 for
247 1997 332 2048 word:
355 1997 417 2060 they
432 1997 494 2049 here
510 1997 640 2062 interrupi
656 1997 702 2049 the
718 2003 863 2061 argument,
880 1999 933 2048 and
948 2013 992 2048 are
1009 1999 1037 2048 ol
1052 2013 1143 2048 course
1160 2014 1211 2049 one

106 2093 185 2142 many
200 2079 298 2141 glosses
314 2077 378 2128 with
394 2077 479 2128 whieh
496 2093 568 2129 some
584 2078 674 2129 reader
689 2078 738 2129 has
755 2078 852 2128 wished
868 2079 950 2129 either
964 2082 992 2129 to
1006 2079 1111 2142 explain
1126 2094 1157 2128 or
1172 2080 1218 2129 rsfr

105 2165 165 2225 poet
187 2160 221 2223 by
237 2159 345 2223 quoting
367 2158 409 2209 his
431 2175 489 2210 own
505 2174 591 2210 verses
613 2159 654 2209 for
675 2164 705 2212 or
723 2159 826 2223 against
847 2160 913 2223 him,
932 2175 961 2210 as
973 2160 1017 2210 the
1033 2175 1092 2210 ease
1108 2174 1171 2223 may
1188 2160 1218 2210 be

105 2257 134 2293 as
145 2243 204 2293 that
214 2242 298 2292 whioh
309 2243 408 2294 follows
418 2242 447 2292 in
457 2242 503 2292 the
513 2241 573 2292 fifth
584 2242 650 2292 book
661 2243 760 2307 applies
773 2243 834 2306 only
845 2246 873 2293 to
888 2242 933 2292 the
947 2242 1055 2301 heaven,
1071 2244 1118 2291 not
1133 2244 1163 2291 to
1179 2241 1218 2291 the

105 2325 134 2374 of
148 2323 233 2373 whioh
243 2325 319 2374 huer.
332 2323 355 2374 is
365 2323 427 2374 here
438 2324 570 2388 speaking,
584 2323 617 2373 hs
629 2323 673 2373 did
683 2327 731 2374 not
742 2325 866 2374 eontinue
876 2322 919 2373 his
930 2323 1084 2386 quotation;
1101 2323 1150 2373 but
1162 2322 1218 2372 Ale

104 2405 179 2456 funt.
197 2405 263 2456 after
277 2405 405 2456 Marullus
422 2405 539 2455 followed
555 2405 589 2467 by
605 2405 640 2454 all
656 2405 753 2456 editors
769 2406 854 2455 before
869 2404 950 2456 heah.
968 2403 1019 2455 edd
1035 2419 1052 2454 v
1068 2404 1209 2463 soe-373,

104 2487 202 2537 altered
224 2490 251 2537 to
274 2486 326 2537 suit
348 2486 393 2537 the
415 2491 519 2550 present
542 2486 648 2549 subject.
685 2490 728 2537 ‘at
745 2486 875 2537 Miehahel
891 2487 1030 2537 Marullus’
1047 2501 1107 2550 says
1124 2486 1207 2538 Laoh.

104 2569 242 2632 indignant
264 2568 321 2618 ‘illo
341 2569 454 2633 [leetore]
474 2568 596 2620 audatior
615 2568 682 2618 nihil
698 2569 795 2619 veritus
814 2573 854 2619 est
870 2569 960 2619 esteris
977 2568 1165 2620 transferendis
1182 2570 1218 2619 im

104 2651 215 2714 ineptias
231 2651 340 2710 inferre;
358 2666 422 2713 quos
438 2665 527 2701 versus
542 2665 602 2700 eum
617 2665 707 2701 omnes
722 2650 794 2700 libris
809 2650 936 2701 veteribus
952 2651 1007 2701 sine
1023 2650 1174 2715 exeeptione
1190 2666 1218 2700 ot

104 2732 194 2783 abesse
205 2735 251 2783 aut
262 2733 357 2782 seirent
367 2736 414 2782 aut
429 2736 498 2782 eerte
513 2732 632 2783 deberent
648 2733 721 2791 seire,
737 2731 852 2794 plerique
868 2730 924 2781 sine
939 2732 1116 2782 admonitione
1131 2746 1218 2795 sueoeq

103 2813 285 2874 Wakefieldus,
301 2813 343 2864 oui
359 2813 481 2876 Forbiger
498 2813 622 2863 adsensus
638 2817 686 2872 est,
704 2818 821 2876 “poetae
827 2814 841 2837 '’
860 2814 897 2879 (id
913 2818 952 2863 est
969 2813 1084 2875 Marulli)
1099 2812 1211 2863 miratur

103 2895 243 2947 sideratam
262 2897 424 2947 severitatem
443 2896 585 2959 diligitque,
608 2911 654 2961 per
672 2900 728 2946 tam
748 2896 888 2946 dilucidam
909 2895 1136 2946 ratiocinationem
1159 2896 1218 2958 siml

103 2981 218 3027 mentem
242 2992 316 3028 suam
338 2977 519 3042 exponentie”.
557 2977 624 3027 mihi
646 2977 752 3028 Marulli
774 2979 842 3028 male
865 2978 953 3029 sedula
975 2978 1130 3040 simplicitas
1153 2994 1208 3028 non

103 3057 257 3121 exagitanda
273 3072 329 3109 esse
345 3058 461 3108 videtur:
478 3058 604 3108 subioiam
621 3061 709 3108 tamen
726 3059 781 3109 eius
797 3059 943 3120 versiculos,
963 3063 993 3109 ut
1010 3063 1134 3122 appareat
1152 3073 1217 3120 quae

103 3140 173 3190 binis
192 3145 218 3191 et
237 3140 402 3191 Wakefieldis
423 3140 528 3205 (eeteros
548 3155 618 3190 nuno
634 3141 736 3207 omitto)
754 3143 874 3191 Lucretio
891 3142 1044 3204 dignissima
1061 3140 1117 3191 visa
1134 3142 1218 3191 fuerin

102 3236 189 3284 neque,
206 3224 246 3271 uti
263 3223 345 3279 docui,
362 3223 443 3271 solido
459 3237 516 3271 oum
531 3236 630 3284 corpore
646 3221 743 3273 mentis
759 3224 861 3272 Natura
878 3231 921 3284 eat,
941 3225 1058 3287 waiam
1074 3223 1211 3271 odmiatm

102 3304 173 3350 rohas
189 3304 275 3365 inane,
287 3304 339 3351 Neo
357 3309 440 3352 tonan
456 3310 491 3352 est
508 3311 538 3351 at
553 3305 639 3362 imae,
650 3319 728 3367 aequo
744 3312 828 3354 ouum
843 3319 947 3367 empore
964 3305 1053 3352 desunt
1067 3305 1110 3351 Es
1122 3305 1218 3366 infinito

99 3387 197 3447 possint
202 3385 272 3447 sorte
284 3391 368 3434 coorto
379 3385 498 3433 Comere
511 3386 575 3436 hano
586 3384 682 3434 mentis
693 3387 803 3436 violento
816 3388 915 3436 turbine
926 3386 1030 3447 molem,
1040 3388 1093 3435 Aut
1105 3387 1185 3434 aliam
1196 3401 1218 3450 qs

102 3468 198 3517 cladem
208 3469 342 3530 impostore
351 3468 454 3529 pericli,
464 3468 517 3516 Neo
531 3482 607 3531 porro
618 3474 712 3516 notura
724 3469 772 3517 looe'
783 3470 942 3530 sportamque
952 3469 1076 3531 profundi
1086 3469 1190 3530 Deficit,
1202 3483 1218 3516 e,

101 3566 149 3616 quo
168 3549 251 3612 possit
269 3548 309 3598 vis
327 3547 426 3598 animai
444 3550 496 3598 Aut
515 3551 571 3599 olio
592 3552 681 3612 quovis
701 3549 784 3612 possit
802 3553 829 3600 oi
847 3553 924 3613 pulsa
942 3553 1036 3614 perire,
1057 3551 1137 3599 Haud
1160 3553 1218 3612 igitr

97 3634 232 3696 praeclusa
248 3638 285 3680 est
301 3633 382 3680 ianua
397 3631 480 3679 menti
488 3632 503 3680 '.
619 3632 668 3681 820
685 3633 802 3681 letalibus
818 3631 908 3682 Lamb.
927 3633 966 3680 for
982 3633 1114 3681 vitalibus.

101 3715 149 3762 823
161 3727 176 3762 a
187 3726 260 3760 verse
270 3710 293 3760 is
305 3711 366 3772 lost,
377 3709 462 3760 whieh
473 3710 553 3760 Laeh.
566 3710 629 3760 thus
645 3711 766 3775 supplies,
780 3714 867 3762 Multa
882 3720 964 3762 tomen
981 3719 1088 3773 magunt
1104 3713 1215 3762 animum

101 3798 181 3845 multo
200 3795 309 3857 periclo.
342 3793 409 3842 Mar.
429 3792 487 3843 Ald.
506 3792 590 3843 land
611 3793 684 3845 Junt.
703 3793 785 3843 insert
803 3795 869 3844 after
885 3796 934 3844 820
949 3793 995 3844 the
1011 3793 1150 3855 following,
1169 3795 1218 3843 Seii

100 3894 161 3927 vora
173 3879 242 3938 Imago
253 3878 350 3926 ratione
361 3882 503 3924 renaturus
514 3895 521 3937 ;
538 3873 621 3924 whieh
632 3875 725 3925 Lamb.
736 3875 860 3938 retained,
874 3877 920 3926 but
931 3876 1021 3940 placed
1031 3876 1098 3926 after
1109 3877 1166 3925 828.

133 3961 181 4009 824
202 3960 305 4009 morbfst
327 3971 383 4007 oum
404 3958 513 4018 eorporis
535 3961 618 4019 oegrit
637 3957 691 4009 AB.
725 3960 814 4008 siurbia
830 3958 927 4009 Avano.
944 3959 1016 4008 first:
1040 3973 1075 4007 no
1093 3958 1203 4008 ‘Italus’

99 4040 164 4090 him.
198 4046 282 4102 oegret
293 4037 345 4088 Gif.
357 4037 386 4087 in
397 4039 471 4086 notes
482 4036 580 4101 rightly
591 4038 630 4087 for
641 4041 732 4100 aegris.
765 4038 845 4098 Nise,
858 4039 976 4090 deoeived
987 4039 1021 4104 by
1031 4042 1134 4089 mortiet
1150 4039 1204 4088 and

100 4124 145 4186 ing
156 4137 237 4174 cama
255 4118 431 4184 eonjunotion,
449 4122 527 4169 wrote
543 4135 597 4170 oum
613 4135 700 4184 corpas
715 4129 839 4183 aegrotat,
853 4121 938 4171 whioh
953 4121 995 4171 led
1010 4125 1038 4170 to
1052 4121 1153 4171 endless
1169 4136 1217 4171 eon

100 4204 128 4254 in
150 4205 219 4255 later
239 4217 302 4252 mss.
319 4201 372 4252 and
388 4199 456 4250 eda:
480 4216 544 4251 even
561 4201 650 4251 hamb.
668 4216 720 4250 was
742 4202 843 4262 misled,
860 4201 913 4252 and
930 4202 1025 4252 Greeeh
1047 4201 1099 4252 and
1116 4201 1204 4252 others

103 4285 182 4337 Laoh.
196 4283 328 4348 negleeted
339 4281 468 4333 Gifanius’
479 4282 547 4335 hint.
664 4283 712 4333 886
723 4291 833 4334 marmot
843 4283 912 4334 Flor.
924 4284 956 4332 31
968 4283 1043 4333 Pont.
1055 4284 1120 4336 Mar.
1134 4283 1193 4334 hld.
1206 4285 1218 4332 1

105 4372 145 4421 for
155 4376 276 4419 maceret:
292 4367 336 4430 yet
346 4364 420 4416 Wak.
431 4365 529 4416 retains
540 4364 584 4416 the
596 4365 721 4417 soleeism.
