2834 4792
242 398 352 463 mollia
372 421 455 485 quae
478 398 570 473 fiunt,
592 422 648 463 aer
667 421 753 485 aqua
774 412 861 464 terra
882 421 1024 485 vapores,

241 522 305 585 quo
326 512 421 585 pacto
443 501 524 565 fiant
545 512 581 565 et
602 523 667 587 qua
688 502 722 565 vi
743 524 891 588 quaeque
912 510 1077 588 gerantur,

241 602 423 668 admixtum
446 604 598 689 quoniam
620 605 721 669 semel
742 616 793 669 est
814 605 850 669 in
871 604 968 669 rebus
989 603 1095 668 inane.

240 717 277 771 at
297 717 410 772 contra
430 709 458 773 si
480 708 590 774 mollia
610 709 677 773 sint
698 708 874 794 primordia
893 730 1012 783 rerum,

242 808 328 874 unde
350 822 471 895 queant
493 811 593 876 validi
614 810 720 876 silices
740 812 926 897 femrmque
947 810 1049 874 creari

241 934 305 976 non
327 913 447 997 poterit
469 913 552 978 ratio
573 912 685 993 reddi;
714 935 789 977 nam
811 913 960 977 funditus
981 913 1085 976 omnis

242 1016 399 1102 principio
421 1017 625 1082 fundamenti
647 1030 763 1082 natura
785 1018 916 1083 carebit.

242 1130 320 1183 sunt
342 1119 445 1206 igitur
465 1120 568 1184 solida
589 1121 745 1206 pollentia
766 1120 979 1206 simplicitate

242 1244 378 1307 quorum
401 1223 560 1287 condenso
582 1223 685 1311 magis
706 1223 817 1288 omnia
837 1223 1011 1289 conciliatu

242 1326 341 1390 artari
363 1338 498 1410 pomunt
520 1327 706 1413 validusque
728 1326 898 1393 ostendere
921 1327 1005 1390 siris

286 1428 382 1493 Porro
404 1431 432 1494 si
454 1430 573 1495 nullast
598 1432 783 1518 frangendis
804 1431 932 1497 reddita
953 1431 1028 1495 finis

242 1532 434 1619 orr'pmibus,
457 1544 566 1598 tomen
589 1556 629 1598 er
651 1544 783 1600 aeterno
805 1544 951 1622 tempore
971 1556 1119 1620 quaeque

241 1656 327 1699 nunc
349 1635 448 1700 etiam
471 1658 620 1721 superam
643 1649 804 1701 necessest
826 1659 958 1724 corpora
979 1637 1085 1713 rebus,

242 1759 324 1823 quoe
347 1739 489 1803 nondum
513 1740 643 1805 clueant
665 1741 731 1805 ullo
754 1751 916 1826 temptata
937 1740 1064 1827 periclo.

241 1850 277 1905 at
298 1841 451 1926 quoniam
473 1843 579 1931 fragili
600 1854 718 1909 natura
739 1845 886 1931 praedita
906 1854 1066 1921 constant,

243 1943 400 2031 disemum
424 1958 594 2012 aeternum
618 1960 747 2034 tempus
768 1949 912 2035 potuisse
935 1970 1065 2013 manere

243 2048 532 2115 iruuimentbilibus
554 2051 659 2137 plagis
680 2062 798 2116 vexata
819 2076 877 2138 per
898 2075 1019 2117 aevom

241 2149 381 2236 donique
404 2152 468 2217 iam
491 2153 642 2239 quoidam
665 2154 846 2239 generatim
870 2154 1000 2219 reddita
1021 2152 1096 2217 finis

242 2254 402 2319 crescendi
426 2254 521 2320 robus
543 2267 670 2321 constat
691 2256 859 2344 sitamque
881 2255 1023 2332 tenendi,

202 2393 206 2403 =
241 2368 272 2421 ct
297 2357 374 2442 quid
397 2382 543 2445 (piaeque
565 2371 687 2447 queant
709 2385 767 2447 per
789 2361 917 2427 foedera
938 2361 1076 2435 naturai,

240 2459 319 2543 quid
342 2483 434 2546 {atrro
456 2473 628 2549 nequeant,
649 2464 810 2530 sancitum
832 2463 1092 2550 quandoquidem
1115 2472 1215 2536 extat,

242 2585 299 2626 uec
322 2576 540 2630 couuuutatur
561 2566 744 2653 quicquam,
766 2567 845 2653 quin
868 2566 977 2631 omnia
1001 2576 1150 2630 constant

240 2688 341 2750 usquo
364 2667 452 2743 adeo,
474 2669 581 2733 i'ariac
603 2670 747 2735 volucres
770 2670 864 2735 utin
887 2670 998 2735 ordine
1021 2680 1156 2734 cunctae

240 2768 413 2833 cutcudaut
436 2771 577 2837 ruriculas
597 2773 757 2859 generalis
779 2796 909 2859 corpore
931 2773 1046 2849 inesse,

241 2869 435 2937 inunitabili’
459 2874 612 2939 instoriac
635 2898 762 2961 quoque
784 2897 898 2961 corpus
921 2875 1040 2941 habere

240 2972 361 3039 dcbout
384 2975 545 3043 nimirum.
591 3001 665 3043 nam
688 2981 715 3044 si
738 2979 914 3064 primordia
934 3002 1043 3044 rerum

240 3079 431 3143 couuuuturi
453 3080 562 3166 aliqua
583 3082 708 3167 possint
730 3083 855 3147 ratione
877 3083 1008 3158 revicta,

240 3181 399 3246 incertum
422 3206 549 3270 quoque
572 3184 636 3250 iam
659 3195 784 3251 constet
807 3185 883 3271 quid
909 3186 1010 3271 pos’sit
1032 3184 1116 3260 oriri,

240 3284 317 3369 quid
341 3295 489 3371 nequeat,
511 3286 605 3352 finita
626 3298 772 3373 potestas
792 3287 933 3373 denique
955 3287 1072 3373 cuique
1292 3301 1353 3367 595

240 3410 381 3473 quanam
403 3389 447 3454 sit
468 3389 593 3455 ratione
615 3401 713 3477 atque
735 3391 802 3456 alte
825 3391 982 3456 terminus
1005 3391 1148 3466 haerens,

152 3570 212 3633 glad
229 3576 256 3621 to
273 3586 315 3621 see
332 3572 380 3622 has
397 3572 476 3623 fallen
493 3588 527 3624 on
544 3573 589 3625 tha
606 3588 676 3626 same
692 3575 760 3637 conj.
777 3572 978 3638 independently
994 3574 1023 3625 of
1042 3588 1095 3633 me,
1110 3588 1140 3625 ee
1159 3572 1193 3625 he
1210 3573 1300 3624 makes
1319 3589 1357 3624 no

152 3653 269 3704 mention
285 3669 350 3704 eren
366 3655 394 3704 ol
409 3670 453 3718 my
469 3652 509 3705 ed.
526 3656 555 3705 of
571 3656 656 3719 1860]
688 3654 769 3705 Lech.
786 3661 847 3718 puts
863 3655 912 3705 568
928 3656 995 3706 alter
1010 3657 1067 3717 586,
1085 3654 1169 3705 where
1184 3654 1206 3705 it
1219 3655 1244 3705 is
1259 3655 1357 3719 wholly

152 3740 198 3787 out
209 3737 238 3786 ol
251 3736 341 3800 pleon
357 3738 443 3788 Bentl.
454 3738 532 3800 ejects
547 3739 585 3800 it3
606 3738 671 3788 Mar.
682 3736 736 3788 and
750 3738 823 3789 June
842 3737 904 3788 read
913 3739 985 3802 fiunt
999 3736 1052 3788 and
1064 3744 1200 3801 cml
1220 3736 1274 3788 and
1284 3738 1357 3800 finnt

151 3817 180 3869 in
196 3818 254 3869 58⁸1.
286 3818 378 3869 Iamb.
390 3818 485 3870 Oreeeh
501 3824 548 3871 etc
563 3835 665 3883 cumque
680 3826 816 3882 omem:
835 3819 872 3869 ell
886 3818 1037 3882 corrupting
1050 3818 1096 3871 the
1110 3822 1166 3870 text
1179 3817 1233 3869 end
1247 3817 1357 3882 making

151 3898 1235 3964 Lucretiuaaeeoettheabenrdtmismthetellthingewhichdoheoemerollcen
1250 3899 1356 3951 become

151 3981 210 4033 solt
309 3980 358 4035 5⁵18
368 3996 489 4047 vaeque,
521 3985 646 4049 qondam
655 3983 746 4035 Imma
761 3982 813 4034 end
823 3982 903 4033 Lech.
1013 3982 1063 4033 686
1077 3982 1204 4033 emendi
1213 3980 1275 4032 Ver.
1286 3981 1351 4032 Van.

151 4063 346 4114 lorcmceedr'a
453 4062 919 4115 tfflcmnautatnrfloorr.Nicc.lor
927 4064 1069 4115 conium,
1103 4069 1355 4113 emuntcoaeteat

150 4142 230 4193 Lech.
317 4143 366 4197 tal
377 4134 532 4195 inlumtili'
542 4145 623 4196 Lech.
636 4146 692 4196 first
702 4146 922 4196 foriamtctt‘lee.
954 4144 1103 4195 &neutile
1113 4142 1184 4193 Flet.
1195 4143 1228 4193 el
1238 4140 1311 4194 Florl
1321 4144 1355 4193 30

149 4239 215 4275 corr.
226 4224 303 4289 vulgo
317 4225 446 4290 ebenrdly.
547 4229 595 4280 598
612 4227 665 4277 and
680 4229 729 4281 597
741 4228 842 4290 puniet
857 4225 907 4277 Ed.
926 4226 967 4277 lor
977 4234 1096 4291 ponem
1114 4224 1200 4277 which
1214 4234 1309 4277 comm
1324 4225 1355 4275 in
1381 4286 1386 4295 Ι

150 4306 197 4357 694
209 4305 539 4371 proveetobenecessary:
557 4305 892 4359 seessttandnotethere:
909 4304 1354 4371 heretoopoeuisteuilybeeomcs

145 4395 255 4452 poscent,
266 4387 369 4452 munch
379 4394 474 4439 cenem
484 4372 547 4440 dces
558 4396 604 4440 not
614 4404 676 4453 pass
685 4389 743 4439 into
752 4396 878 4439 metent
887 4402 918 4439 eo
926 4386 1031 4452 reedily.
