2834 4792
645 228 693 293 VI

146 394 252 459 multa
273 395 378 460 forent
400 393 514 458 multis
536 403 687 479 exempto
709 393 823 458 nubila
845 393 931 472 sole;

146 519 206 561 nec
227 505 320 562 tanto
341 505 473 583 possent
495 496 663 561 venientes
685 497 866 582 opprimere
889 495 994 573 imbri,

146 598 282 663 flumina
302 599 467 664 abundare
492 607 528 664 ut
550 599 692 664 facerent
715 622 908 685 camposque
930 610 1052 677 natare,

143 701 173 764 si
195 724 260 766 non
282 703 439 767 extructis
461 702 543 766 foret
564 701 631 766 alte
653 702 795 766 nubibus
817 702 942 766 aether.

147 804 200 869 hic
223 804 324 891 igitur
347 804 453 870 ventis
475 814 574 890 atque
596 804 728 891 ignibus
750 805 859 870 omnia
880 805 977 891 plena

148 915 242 987 sunt;
269 906 343 972 ideo
364 907 485 992 passim
508 906 656 971 fremitus
679 915 713 971 et
736 907 865 994 fulgura
887 907 979 972 fiunt.

147 1010 267 1095 quippe
290 1010 413 1076 etenim
436 1032 533 1095 supra
555 1010 650 1075 docui
672 1011 836 1095 permulta
857 1011 984 1096 vaporis

144 1113 270 1178 semina
292 1113 412 1179 habere
434 1136 528 1179 cavas
550 1114 654 1179 nubes
676 1124 711 1179 et
733 1115 838 1179 multa
859 1124 1020 1180 necessest

148 1220 314 1305 concipere
337 1242 377 1285 ex
400 1220 475 1284 solis
497 1220 595 1285 radiis
616 1220 793 1306 ardoreque
817 1243 936 1286 eorum.

147 1322 207 1387 hoc
230 1322 286 1387 ubi
310 1330 427 1388 ventus
448 1345 503 1388 eas
525 1323 613 1387 idem
635 1324 692 1409 qui
715 1324 802 1410 cogit
824 1324 858 1387 in
882 1346 984 1388 unum

149 1426 230 1491 forte
252 1426 359 1491 locum
382 1426 536 1512 quemvis,
559 1427 717 1512 expressit
739 1427 845 1491 multa
867 1427 992 1512 vaporis

146 1530 271 1595 semina
292 1552 390 1616 seque
413 1530 509 1595 simul
531 1553 605 1596 cum
628 1554 666 1596 eo
689 1532 892 1596 commiscuit
914 1532 991 1617 igni,

147 1635 332 1699 insinuatus
354 1635 401 1699 ibi
423 1642 535 1699 vortex
558 1642 705 1699 versatur
726 1634 761 1698 in
782 1641 853 1699 arto

148 1747 182 1803 et
204 1738 316 1803 calidis
338 1738 426 1802 acuit
448 1736 572 1801 fulmen
594 1737 775 1802 fornacibus
798 1739 895 1804 intus.

145 1864 223 1906 nam
246 1843 369 1928 duplici
390 1842 514 1906 ratione
536 1840 732 1917 accenditur,
753 1841 823 1927 ipse
845 1865 904 1906 sua
926 1865 1000 1907 cum

148 1945 330 2010 mobilitate
352 1945 483 2010 calescit
505 1953 540 2009 et
562 1967 580 2009 e
602 1945 794 2030 contagibus
817 1944 911 2032 ignis.

148 2048 225 2113 inde
247 2049 305 2113 ubi
326 2050 486 2136 percaluit
509 2049 600 2114 venti
623 2048 671 2113 vis
694 2058 722 2114 et
743 2050 850 2135 gravis
872 2049 957 2135 ignis

147 2149 291 2236 impetus
312 2152 453 2229 incessit,
475 2160 640 2215 maturum
665 2161 736 2216 tum
759 2153 851 2237 quasi
874 2152 997 2216 fulmen

147 2253 324 2338 perscindit
347 2254 458 2318 subito
480 2254 611 2329 nubem,
633 2255 798 2339 ferturque
820 2255 958 2319 coruscis

146 2357 256 2420 omnia
278 2357 456 2421 luminibus
479 2357 619 2422 lustrans
641 2358 710 2421 loca
732 2358 874 2442 percitus
896 2357 996 2422 ardor.

148 2481 245 2545 quem
268 2460 375 2545 gravis
397 2459 580 2545 insequitur
601 2460 734 2538 sonitus,
758 2459 898 2545 displosa
918 2468 1052 2545 repente

145 2562 328 2647 opprimere
350 2572 389 2627 ut
411 2563 492 2627 caeli
514 2562 663 2627 videatur
685 2563 807 2648 templa
829 2584 975 2648 superne.

147 2665 223 2731 inde
246 2675 366 2731 tremor
388 2676 489 2731 terras
510 2667 654 2753 graviter
675 2675 875 2752 pertemptat
898 2674 932 2730 et
954 2656 1058 2730 altum

148 2792 313 2834 murmura
334 2778 526 2856 percurrunt
548 2770 691 2849 caelum;
720 2792 796 2833 nam
819 2779 890 2834 tota
912 2769 977 2833 fere
1000 2777 1071 2833 tum

148 2881 325 2959 tempestas
347 2897 500 2939 concussa
521 2875 634 2939 tremit
656 2875 867 2960 fremitusque
889 2884 1068 2939 moventur.

98 2967 101 2970 ’
147 3001 211 3064 quo
233 2979 274 3044 de
295 3001 451 3045 concussu
473 2980 622 3065 sequitur
643 2980 750 3066 gravis
772 2979 876 3043 imber
898 2988 932 3043 et
955 2979 1043 3056 uber,

147 3081 252 3145 omnis
274 3082 325 3146 uti
348 3082 498 3147 videatur
519 3083 553 3146 in
576 3081 714 3146 imbrem
737 3081 857 3145 vertier
879 3081 992 3144 aether

146 3191 247 3269 atque
269 3184 318 3249 ita
338 3184 555 3270 praecipitans
577 3184 619 3249 ad
642 3184 798 3248 diluviem
820 3183 981 3248 revocari:

148 3294 261 3351 tantus
283 3287 417 3352 discidio
439 3288 536 3352 nubis
558 3288 712 3372 ventique
734 3287 872 3371 procella

148 3390 302 3467 mittitur,
324 3391 451 3456 ardenti
473 3391 598 3455 sonitus
620 3413 694 3455 cum
715 3391 862 3477 provolat
884 3389 960 3454 ictu.

148 3504 199 3559 est
221 3495 321 3559 etiam
344 3517 418 3559 cum
441 3495 490 3558 vis
512 3493 711 3558 extrinsecus
732 3493 833 3558 incita
856 3492 945 3557 venti
1203 3507 1263 3574 295

52 3737 162 3798 flantes.
275 3734 323 3784 268
335 3735 435 3797 effertus
445 3732 525 3783 Lech.
537 3733 576 3782 for
587 3741 612 3783 et
618 3736 710 3798 fertur.
743 3735 860 3796 ecfertur
870 3730 938 3794 vulg.
1047 3731 1095 3781 269
1106 3732 1186 3793 plena
1195 3730 1265 3779 Flor.

62 3817 94 3865 31
111 3816 202 3866 (lamb.
221 3816 291 3868 Mon.
313 3820 361 3866 etc.
381 3817 422 3866 for
434 3819 523 3881 plana.
630 3844 634 3852 ‚
666 3819 713 3868 272
731 3818 820 3865 habere
838 3814 914 3865 Pont.
936 3814 999 3863 Mar.
1021 3813 1079 3862 Ald.
1099 3813 1113 3861 1
1131 3813 1205 3862 Junt.
1226 3813 1266 3862 for

63 3899 189 3949 haecdere.
227 3899 273 3948 hcc
290 3900 320 3948 de
337 3913 364 3948 re
382 3898 453 3950 Nicc.
560 3899 608 3950 277
626 3905 681 3947 arto
698 3897 778 3947 Lsch.
796 3897 836 3947 for
852 3899 914 3947 alto.
1034 3896 1082 3943 281
1099 3897 1169 3944 venti
1185 3897 1224 3944 vis
1241 3903 1266 3944 et

60 3984 149 4044 qratia
164 3983 232 4043 tynis
248 3980 336 4031 Bentl.
354 3980 394 4029 for
409 3982 495 4043 yravis
509 3982 579 4030 venti
593 3981 633 4028 vis
647 3981 712 4040 iuni.
745 3981 860 4040 previde,
874 3985 920 4027 aut
933 3979 972 4027 cis
987 3980 1055 4039 tynis
1071 3984 1095 4026 et
1110 3976 1261 4028 acernam

62 4065 102 4114 vis
113 4065 183 4113 venti
193 4064 234 4112 vel
243 4064 331 4125 pravis
341 4064 410 4125 tynis
421 4062 486 4111 Mar.
498 4062 514 4110 J
516 4065 573 4112 unt.
583 4060 675 4110 Lamb.
687 4064 735 4110 etc.
862 4061 910 4110 286
920 4060 1037 4109 videatur
1049 4057 1097 4108 Ed.
1112 4058 1152 4107 for
1163 4060 1266 4108 videan-

60 4154 117 4198 ωτι
134 4145 180 4196 the
197 4144 278 4196 scribe
294 4145 343 4194 has
359 4143 472 4206 adaptcd
488 4143 533 4194 the
549 4143 610 4193 verb
626 4146 654 4193 to
672 4144 780 4206 templa:
797 4142 956 4191 see11108=
973 4140 1003 4188 in
1015 4139 1064 4191 467
1075 4141 1192 4189 videatur
1203 4154 1265 4189 mss.

61 4227 255 4278 formarentur.
276 4225 354 4277 Iracb
364 4225 438 4276 reads
449 4227 598 4289 Exprimere
610 4224 650 4274 for
663 4225 813 4288 Opprincera
822 4223 901 4272 Bern.
912 4223 1038 4272 Occidere.
1088 4221 1137 4271 290
1147 4236 1267 4270 concussa

59 4311 83 4360 B
95 4325 159 4361 corr.
171 4310 248 4360 Pont.
260 4309 326 4360 Mar.
338 4308 395 4360 ald.
411 4310 425 4357 1
437 4309 510 4358 Junt.
522 4308 563 4357 for
574 4323 714 4358 comarcus.
820 4307 867 4358 291
878 4307 918 4355 uti
929 4304 1005 4354 Pont.
1018 4303 1083 4354 Mar.
1095 4303 1152 4354 Ald„
1166 4305 1180 4351 1
1191 4305 1265 4354 tunt.

58 4391 149 4443 forat.
182 4389 488 4442 itautFlor.310amb.
566 4391 614 4440 292
625 4389 738 4440 revocari
749 4386 828 4439 Lech.
844 4388 884 4437 ior
894 4401 1018 4436 revocare.
1096 4386 1144 4436 296
1155 4387 1266 4435 calidam
