2834 4792
158 230 223 297 272
736 212 785 278 VI

247 376 412 463 exagitata
434 376 517 441 foras
539 375 722 461 erumpitur
742 384 777 441 et
799 374 897 440 simul
918 375 1020 440 altam

246 479 419 545 diffindens
441 487 560 544 terram
582 501 738 566 magnum
760 478 931 544 concinnat
954 478 1089 544 hiatum.

247 582 281 647 in
305 582 400 668 Syria
421 581 542 648 Sidone
564 583 651 669 quod
672 581 790 648 accidit
812 590 848 647 et
870 581 933 646 fuit
955 581 1041 669 Aegi

244 689 280 754 in
302 688 529 773 Peloponneso,
549 710 629 773 quas
651 687 759 752 exitus
781 687 833 751 hic
855 686 976 751 animai

244 793 407 859 disturbat
428 791 525 856 urbes
547 800 582 856 et
604 802 709 856 terrae
731 800 840 856 motus
861 791 1003 856 obortus.

245 896 413 982 multaque
435 903 601 981 praeterea
622 894 808 959 ceciderunt
830 894 958 960 moenia
979 893 1105 981 magnis

244 998 387 1063 motibus
408 997 443 1062 in
465 997 561 1062 terris
583 1004 617 1061 et
639 997 763 1062 multae
784 1019 843 1083 per
864 1019 952 1062 mare
975 1018 1105 1082 pessum

244 1100 415 1165 subsedere
437 1099 505 1163 suis
526 1100 649 1184 pariter
670 1121 744 1163 oum
766 1099 891 1164 civibus
913 1099 1017 1164 urbes.

243 1204 329 1290 quod
350 1202 414 1267 nisi
434 1202 625 1288 prorumpit,
647 1211 758 1267 tamen
780 1203 923 1289 impetus
944 1203 1014 1288 ipse
1036 1203 1157 1269 animai

243 1315 277 1372 et
300 1307 367 1371 fera
388 1306 436 1370 vis
458 1305 548 1371 venti
570 1306 760 1391 percrebro
782 1306 938 1372 foramina
958 1316 1063 1372 terrae

243 1409 434 1495 dispertitur
456 1417 494 1473 ut
516 1408 625 1472 horror
647 1419 681 1474 et
703 1409 822 1474 incutit
843 1409 919 1475 inde
941 1418 1132 1488 tremorem;

243 1512 344 1598 frigus
367 1512 417 1576 uti
438 1521 564 1575 nostros
586 1510 718 1596 penitus
740 1533 815 1576 cum
837 1511 927 1577 venit
948 1511 983 1577 in
1005 1521 1104 1589 artus,

242 1616 387 1682 concutit
410 1616 529 1680 invitos
551 1638 667 1702 cogens
690 1625 828 1680 tremere
850 1624 950 1702 atque
973 1637 1109 1682 movere.

242 1718 377 1804 ancipiti
400 1717 566 1803 trepidant
588 1717 691 1805 igitur
713 1725 833 1782 terrore
856 1739 914 1804 per
937 1718 1035 1796 urbis,

242 1831 329 1888 tecta
351 1843 488 1907 superne
511 1821 638 1898 timent,
661 1830 815 1887 metuunt
837 1822 962 1887 inferne
985 1843 1137 1886 cavernas

241 1926 341 1991 terrai
362 1949 403 1991 ne
426 1926 582 1990 dissoluat
604 1935 722 1991 natura
745 1934 886 2011 repente,

242 2053 306 2095 neu
329 2030 484 2095 distracta
506 2051 601 2094 suum
624 2030 691 2095 late
712 2030 886 2116 dispandat
909 2031 1038 2096 hiatum

240 2135 346 2220 adque
368 2134 436 2200 suis
457 2134 589 2198 confusa
612 2135 691 2200 velit
714 2135 874 2221 complere
897 2135 1009 2201 ruinis.

240 2237 374 2325 proinde
397 2238 473 2302 licet
494 2237 643 2323 quamvis
665 2239 791 2303 caelum
813 2251 998 2324 terramque
1019 2246 1154 2303 reantur

242 2345 428 2428 incorrupta
450 2342 515 2407 fore
538 2351 689 2408 aeternae
712 2342 866 2409 mandata
888 2341 1004 2422 saluti;

242 2455 275 2511 et
298 2455 409 2510 tamen
431 2446 594 2511 interdum
617 2468 767 2531 praesens
789 2446 838 2510 vis
860 2445 930 2531 ipsa
952 2444 1063 2529 pericli

241 2550 351 2614 subdit
374 2558 408 2614 et
431 2551 516 2614 hunc
538 2549 707 2614 stimulum
730 2549 870 2635 quadarn
892 2548 933 2614 de
955 2557 1048 2634 parte
1071 2548 1205 2625 timoris,

243 2676 284 2718 ne
307 2652 444 2739 pedibus
466 2653 584 2738 raptim
608 2653 705 2718 tellus
727 2652 895 2717 subtracta
917 2653 1040 2716 feratur

242 2758 278 2823 in
299 2757 489 2822 barathrum
512 2779 686 2842 rerumque
708 2765 863 2842 sequatur
885 2755 1013 2842 prodita
1034 2778 1162 2820 summa

239 2861 387 2925 funditus
409 2869 443 2925 et
465 2861 523 2925 fiat
546 2860 660 2924 mundi
682 2862 813 2924 confusa
834 2859 936 2925 ruina.

287 2964 464 3050 [Principio
486 2985 574 3027 mare
597 2963 757 3027 mirantur
779 2985 843 3026 non
865 2962 998 3027 reddere
1021 2961 1126 3027 maius

240 3077 400 3144 naturam,
424 3090 488 3153 quo
509 3067 553 3132 sit
576 3077 688 3131 tantus
710 3067 863 3131 decursus
885 3088 1052 3151 aquarum,

242 3174 349 3237 omnia
372 3195 436 3258 quo
458 3171 591 3236 veniant
614 3193 654 3235 ex
676 3169 764 3235 omni
786 3169 922 3235 flumina
943 3178 1045 3255 parte.

241 3276 323 3340 adde
346 3297 444 3362 vagos
466 3274 579 3338 imbris
601 3282 878 3363 tempestatesque
900 3272 1055 3348 volantes,

240 3377 348 3442 omnia
370 3398 452 3462 quae
475 3376 576 3440 maria
598 3397 635 3439 ac
657 3384 760 3441 terras
783 3383 1004 3461 sparguntque
1026 3374 1218 3461 rigantque3

238 3480 320 3546 adde
342 3503 416 3545 suos
438 3480 554 3558 fontis;
583 3488 693 3544 tamen
715 3480 756 3543 ad
779 3479 876 3543 maris
898 3477 1006 3542 omnia
1027 3499 1188 3542 summam

153 3725 251 3772 cannot
267 3721 299 3770 be
316 3721 379 3771 used
396 3722 423 3771 in
440 3721 484 3772 the
501 3737 572 3772 same
590 3735 663 3772 sense
679 3736 709 3771 as
725 3720 771 3771 the
788 3722 855 3784 plur.
965 3719 1014 3768 582
1030 3732 1078 3780 que
1095 3715 1179 3766 added
1195 3715 1230 3778 by
1246 3715 1319 3767 Flor.
1334 3716 1365 3765 31

154 3803 389 3853 Gamb.Pont.etc.
524 3805 572 3852 585
589 3804 677 3868 Syria.
713 3804 794 3867 Tyria
804 3801 896 3851 Lamb.
907 3804 956 3850 eto.
968 3799 1078 3849 without
1089 3812 1175 3848 cause.
1319 3797 1367 3846 586

153 3902 217 3949 quas
228 3887 322 3937 Arane.
336 3887 377 3935 for
388 3902 445 3949 qua.
548 3887 596 3935 588
612 3887 756 3935 ceciderunt
768 3885 839 3933 Mon.
852 3883 909 3933 Ver.
922 3882 985 3932 Ven.
998 3883 1038 3930 for
1049 3881 1178 3931 ceciderat.
1217 3880 1368 3929 recidererc

153 3967 368 4018 Flor.310amb.
478 3968 526 4017 589
542 3983 639 4031 perram
651 3966 722 4015 Nico.
734 3966 755 4014 B
768 3979 834 4015 oorr.
846 3963 887 4014 for
894 3979 1002 4027 porrum.
1118 3962 1167 4012 600
1183 3962 1272 4022 noque
1284 3959 1366 4010 Lach.

153 4052 194 4100 for
205 4055 293 4116 quue.
322 4055 409 4114 Imque
418 4051 509 4102 Lamb.
521 4050 549 4100 in
560 4049 605 4101 the
617 4049 748 4099 additions
760 4053 788 4098 to
799 4047 838 4098 ed.
850 4049 875 4098 3.
942 4046 1129 4096 macerarer
1142 4041 1325 4095 tuncAFlor.
1335 4043 1366 4092 31

154 4132 244 4181 Camb.
257 4137 306 4183 etc.
341 4134 450 4182 Subdita
466 4139 490 4181 et
508 4134 572 4181 tunc
588 4132 635 4180 BA
652 4146 717 4180 corr.
734 4129 804 4180 Nico.
841 4129 934 4178 Subdu
950 4129 1027 4178 attae
1043 4125 1123 4178 Iraoh.
1161 4125 1368 4176 comitatuum

153 4216 217 4266 Mar.
233 4215 410 4264 Junt.Lamb.
424 4219 473 4263 eto.
583 4209 1065 4262 totareooaoranimformoonara.
1175 4207 1308 4258 608-638
1326 4221 1369 4257 are

152 4297 250 4360 proved
261 4298 293 4359 by
304 4296 383 4348 Laoh.
394 4300 422 4346 to
433 4296 465 4344 be
476 4295 547 4357 quite
558 4293 737 4345 unoonnected
748 4293 811 4343 with
821 4293 891 4344 what
902 4291 1024 4356 precedes
1035 4306 1065 4342 or
1073 4292 1181 4342 follows.
1212 4291 1282 4342 Mar.
1293 4289 1368 4341 June.

152 4379 221 4441 vulg.
233 4379 312 4442 prefix
329 4378 382 4428 this
398 4393 470 4428 verse
486 4380 560 4428 Nunc
575 4379 644 4426 ratio
659 4377 787 4426 reddenda
804 4390 909 4438 aupmcn
925 4389 971 4425 cur
986 4377 1083 4425 mrciut
1099 4389 1200 4437 aequor.
1320 4373 1368 4424 609
