2834 4792
697 192 728 259 V

198 354 461 442 praeclarumque
483 354 587 420 velint
608 354 690 420 caeli
711 354 913 441 restinguere
934 354 1037 420 solem

199 457 384 523 inmortalia
405 457 535 522 mortali
557 479 704 523 sermone
725 466 898 537 notantes3

198 582 281 646 quae
303 559 414 646 procul
437 581 539 644 usque
561 559 642 624 adeo
664 559 774 624 divino
795 582 816 624 a
837 560 972 625 numine
994 561 1130 639 distent,

198 664 297 750 inque
318 662 416 728 deum
439 686 572 728 numero
594 686 677 750 quae
700 664 766 729 sint
788 664 923 752 indigna
943 665 1055 743 videri,

199 766 351 832 notitiam
374 767 483 853 potius
505 766 659 852 praebere
681 776 720 832 ut
742 789 836 853 posse
858 777 1018 854 putentur

198 871 277 956 quid
299 871 343 936 sit
365 871 458 935 vitali
480 879 571 935 motu
594 894 755 957 sensuque
776 883 947 938 remotum.
1261 889 1313 955 125

198 975 318 1061 quippe
341 974 464 1039 etenim
486 997 550 1039 non
573 985 632 1053 est,
655 997 730 1039 cum
752 976 865 1061 quovis
887 999 1018 1062 (crpore
1040 986 1079 1043 ut
1102 1001 1176 1044 esse

198 1100 290 1163 posse
313 1078 414 1141 animi
435 1087 553 1143 natura
575 1086 712 1164 putetur
733 1079 985 1166 consiliumquc;

197 1181 282 1245 sicut
303 1180 338 1244 in
360 1181 491 1245 aethere
514 1203 579 1244 uon
601 1181 704 1257 arbor,
725 1198 790 1245 non
811 1204 950 1266 mquore
972 1183 1055 1247 salso

197 1284 300 1348 nubes
321 1306 390 1348 esse
413 1292 538 1369 queunt
560 1306 666 1370 neque
688 1285 791 1371 pisces
813 1285 921 1351 vivere
943 1285 978 1350 in
1000 1286 1086 1350 arvis

196 1411 255 1452 nec
277 1410 370 1452 cruor
391 1388 425 1451 in
448 1388 544 1475 lignis
567 1410 672 1474 neque
694 1388 781 1453 saxis
802 1411 899 1453 sucus
921 1389 1035 1455 inesse.
1262 1411 1319 1474 130

197 1499 321 1555 certum
343 1512 381 1554 ac
403 1490 628 1575 dispositumst
650 1492 708 1556 ubi
730 1491 880 1577 quicquit
900 1501 1023 1558 crescat
1046 1501 1081 1558 et
1103 1493 1195 1560 insit.

196 1594 243 1659 sic
264 1594 365 1658 animi
387 1604 504 1659 natura
527 1595 642 1680 nequit
663 1595 733 1660 siue
756 1617 886 1681 corpore
908 1597 984 1660 oriri

196 1699 263 1762 sola
285 1719 389 1782 neque
411 1720 431 1761 a
453 1697 559 1762 nervis
581 1708 615 1762 et
638 1699 795 1784 sanguine
818 1699 959 1785 longiter
980 1721 1058 1765 esse.

196 1802 282 1887 quod
304 1801 331 1866 si
354 1803 475 1887 (posset
497 1802 584 1866 enim
606 1801 711 1866 multo
735 1802 839 1886 prius)
861 1803 932 1887 ipsa
953 1802 1056 1866 animi
1078 1803 1129 1868 vis

195 1904 229 1969 in
252 1905 358 1990 capite
381 1914 440 1969 aut
462 1905 581 1969 umeris
602 1915 661 1969 aut
684 1905 758 1970 imis
781 1906 922 1971 calcibus
945 1928 1015 1971 esse
1261 1924 1314 1990 135

195 2018 302 2094 posset
326 2017 359 2072 et
381 2007 504 2072 innasci
527 2007 642 2093 quavis
664 2008 699 2071 in
721 2016 823 2094 parte,
846 2009 964 2073 soleret

195 2113 326 2177 taudem
349 2112 383 2175 in
407 2111 519 2176 eodem
542 2112 672 2176 homine
694 2120 794 2198 atque
816 2112 851 2176 in
874 2113 987 2178 eodem
1010 2135 1086 2178 vase
1110 2135 1258 2179 manere.

193 2215 452 2301 quodquoniam
475 2224 583 2280 nostro
606 2238 732 2302 quoque
755 2225 881 2282 constat
904 2240 1034 2304 corpore
1057 2226 1186 2282 certum

194 2310 450 2406 dispositumque
472 2320 602 2385 videtur
624 2319 680 2384 ubi
703 2342 772 2385 esse
794 2330 829 2385 et
852 2343 992 2386 crescere
1014 2320 1118 2408 possit
1143 2316 1147 2320 “

196 2446 336 2489 seorsum
360 2423 469 2487 anima
490 2431 589 2508 atque
611 2423 747 2499 animus,
771 2432 864 2488 tanto
886 2423 989 2511 magis
1011 2422 1224 2489 infitiandum
1258 2444 1315 2506 140

194 2537 301 2593 totum
324 2550 414 2613 posse
438 2536 529 2592 extra
551 2550 665 2613 corpus
687 2529 887 2614 formamque
910 2530 1083 2593 animalem

194 2631 345 2718 putribus
367 2631 401 2694 in
423 2631 526 2716 glebis
549 2640 707 2695 terrarum
730 2640 788 2695 aut
811 2632 887 2696 solis
909 2633 944 2696 io
966 2633 1036 2717 igni

194 2743 251 2798 aut
275 2734 308 2797 in
330 2756 415 2818 aqua
437 2733 552 2797 durare
575 2742 633 2797 aut
655 2734 731 2798 altis
753 2735 894 2800 aetheris
917 2736 988 2800 oria.

194 2837 280 2901 haud
304 2837 404 2921 igitur
425 2846 575 2902 constant
597 2838 707 2902 divino
729 2839 877 2924 praedita
899 2862 1003 2916 sensu,

193 2939 452 3026 quandoquidem
476 2950 643 3027 nequeunt
666 2942 810 3007 vitaliter
832 2966 901 3008 csse
924 2945 1076 3010 animata
1251 2960 1304 3026 145

237 3044 322 3107 Illud
346 3044 425 3109 item
449 3066 513 3107 non
536 3054 586 3109 est
609 3054 647 3109 ut
670 3046 771 3130 possis
793 3047 931 3124 credere,
954 3047 1046 3113 sedes
1354 3020 1359 3111 l

193 3170 261 3212 esse
283 3147 380 3211 deum
404 3157 530 3212 sanctas
553 3149 587 3212 in
609 3149 724 3212 mundi
746 3149 895 3234 partibus
917 3151 1000 3216 ullis

192 3251 298 3316 tenvis
321 3252 408 3315 enim
431 3259 549 3315 natura
570 3252 668 3316 deum
691 3253 849 3340 longeque
872 3263 998 3320 remota

192 3354 339 3419 sensibus
361 3355 402 3419 ab
425 3355 543 3418 nostris
565 3354 667 3417 animi
691 3355 745 3418 vix
768 3363 877 3420 mente
901 3356 1050 3437 videtur3

192 3479 275 3543 quae
298 3458 449 3542 quoniam
472 3479 628 3521 manuum
651 3465 777 3522 tactum
800 3459 937 3545 suffugit
960 3468 994 3524 et
1016 3460 1129 3539 ictum,
1244 3471 1293 3538 150

192 3561 302 3626 tactile
325 3561 371 3625 nil
393 3561 486 3625 nobis
509 3561 594 3646 quod
617 3562 661 3625 sit
683 3562 870 3649 contingere
893 3564 1000 3629 debet.

191 3675 325 3753 tangere
348 3665 434 3729 enim
457 3687 521 3729 non
545 3666 617 3750 quit
639 3667 724 3751 quod
749 3668 842 3755 tangi
864 3691 930 3733 non
952 3669 1029 3733 licet
1051 3669 1169 3756 ipsum.

192 3791 290 3854 quare
313 3768 412 3833 etiam
435 3767 527 3832 sedes
550 3790 677 3853 quoque
701 3771 818 3834 nostris
841 3771 971 3836 sedibus
994 3793 1062 3836 esse

190 3873 360 3938 dissimiles
383 3872 513 3948 debent,
536 3881 651 3938 tenues
673 3872 713 3937 de
736 3896 865 3960 corpore
888 3897 1018 3954 eorum3
1086 3947 1090 3956 ,

106 4103 145 4152 lor
152 4117 227 4166 pars:
245 4069 327 4165 comp.
342 4102 389 4151 sol
506 4104 551 4151 122
564 4119 581 4152 a
592 4105 692 4152 nomine
704 4105 798 4152 distent
809 4103 878 4153 Flor.
891 4104 922 4152 31
935 4103 1025 4153 (lamb.
1037 4103 1107 4154 Brix.
1122 4103 1189 4154 Mar.
1201 4105 1241 4155 101
1251 4065 1359 4149 Ἀπί·

105 4187 259 4235 miobisteot.
292 4186 466 4234 animilastent
478 4183 548 4234 Nico.
651 4186 824 4247 13310o9iter.
863 4188 1221 4247 longiusmss.:sec111789.
1340 4227 1359 4278 m

156 4266 283 4316 134f011.:
301 4281 343 4316 see
355 4280 387 4314 111
399 4267 513 4319 7901011.
633 4268 680 4315 152
697 4269 763 4329 quod
774 4267 837 4318 Mar.
854 4269 926 4318 Junt.
939 4268 979 4317 lor
990 4270 1056 4331 qood
1066 4271 1096 4320 si.
1221 4270 1234 4318 1
1357 4308 1359 4328 2

103 4361 214 4410 corpore.
243 4347 504 4410 procomoreLamb.
521 4346 587 4409 coni.
606 4348 658 4396 and
673 4347 723 4396 Ed.
739 4347 767 4396 in
782 4348 820 4400 ed.
837 4350 862 4398 1:
881 4364 923 4398 see
934 4353 1009 4399 notes
1021 4352 1045 4399 2.
1080 4323 1355 4401 immodesti
