2834 4792
693 235 729 301 11

194 399 274 483 quin
297 398 397 463 etiam
419 398 538 484 passim
561 397 680 462 nostris
703 396 737 461 in
760 397 905 461 versibus
927 397 1005 482 ipsis

193 503 301 568 multa
322 504 483 568 elementa
504 502 594 568 vides
617 502 729 567 multis
752 502 936 567 communia
958 501 1072 578 verbis,

194 628 269 671 cum
291 615 401 672 tamen
423 608 510 672 inter
531 629 565 672 se
589 628 699 671 versus
721 629 758 670 ac
780 607 879 672 verba
899 629 1029 672 necesse
1052 614 1103 671 est
1245 609 1311 687 690

194 709 366 774 confiteare
389 710 453 774 alia
475 731 515 774 ex
536 708 609 774 aliis
631 718 776 773 constare
799 709 988 787 elementis3

193 835 259 876 non
282 835 345 898 quo
366 813 472 878 multa
493 834 608 898 parum
632 811 811 876 communis
834 812 944 876 littera
966 822 1074 877 currat

192 926 252 980 aut
273 916 363 980 nulla
384 916 471 981 inter
492 938 526 980 se
547 915 612 980 duo
634 915 700 979 sint
724 938 763 979 ex
786 914 935 979 omnibus
957 915 1069 990 isdem,

193 1018 252 1083 sed
274 1019 350 1104 quia
371 1041 435 1083 non
457 1019 551 1106 volgo
573 1020 664 1105 paria
685 1017 835 1083 omnibus
857 1019 964 1083 omnia
987 1027 1143 1082 constant,

194 1120 240 1184 sic
263 1121 334 1184 aliis
356 1121 391 1185 in
413 1120 509 1186 rebus
530 1121 611 1186 item
633 1121 817 1186 communia
838 1121 944 1185 multa
1246 1123 1307 1201 695

194 1224 373 1289 multarum
395 1247 503 1289 rerum
526 1247 600 1289 cum
622 1225 689 1289 sint
711 1224 894 1310 primordia,
916 1246 1028 1288 verum

193 1326 343 1391 dissimili
365 1335 477 1392 tamen
499 1327 585 1392 inter
607 1349 641 1392 se
664 1327 837 1392 consistere
859 1349 986 1391 summa

193 1440 349 1515 possunt;
381 1439 420 1496 ut
441 1430 559 1496 merito
581 1454 620 1496 ex
642 1432 715 1496 aliis
738 1439 883 1496 constare
906 1431 1029 1496 feratur

193 1535 372 1599 humanum
394 1556 498 1621 genus
520 1543 554 1600 et
576 1536 684 1622 fruges
706 1534 902 1621 arbustaque
925 1536 1018 1600 laeta.

237 1637 309 1701 Neo
331 1646 442 1702 tamen
463 1638 655 1702 omnimodis
677 1637 802 1703 conecti
824 1660 916 1724 posse
940 1638 1122 1724 putandum
1147 1647 1196 1702 est
1246 1655 1311 1720 700

193 1741 322 1821 omnia;
351 1762 426 1805 nam
449 1741 541 1825 volgo
562 1741 632 1806 fieri
654 1749 806 1826 portenta
828 1741 961 1817 videres,

194 1845 359 1911 semiferas
381 1844 549 1909 hominum
571 1844 694 1930 species
716 1845 855 1911 existere
877 1853 911 1910 et
934 1846 1016 1910 altos

193 1947 359 2013 interdum
380 1970 486 2012 ramos
509 1948 619 2035 egigni
641 1969 770 2032 corpore
793 1948 874 2024 vivo,

193 2050 361 2136 multaque
383 2049 508 2116 conecti
529 2050 695 2115 terrestria
717 2050 863 2115 membra
885 2050 1027 2127 marinis,

194 2163 267 2219 tum
289 2155 452 2219 flammam
475 2162 580 2219 taetro
602 2154 755 2240 spirantis
777 2176 830 2218 ore
854 2155 1040 2219 Chimaeras
1245 2171 1305 2236 705

193 2279 322 2343 pascere
343 2266 494 2323 naturam
516 2281 574 2345 per
596 2266 698 2322 terras
720 2257 959 2342 omniparentis.

193 2383 329 2445 quorum
351 2360 398 2425 nil
420 2361 490 2425 fieri
512 2361 720 2425 manifestum
743 2369 802 2436 est,
824 2359 932 2424 omnia
954 2359 1081 2446 quando

193 2464 370 2529 seminibus
392 2464 489 2529 certis
510 2473 599 2528 certa
620 2464 783 2550 genetrice
807 2473 915 2527 creata

193 2590 377 2632 conservare
399 2589 503 2654 genus
526 2567 701 2633 crescentia
723 2590 814 2653 posse
838 2567 991 2632 videmus.

192 2671 314 2736 scilicet
336 2671 370 2735 id
392 2679 480 2735 certa
501 2671 572 2745 fieri
594 2670 719 2734 ratione
743 2678 915 2734 necessust.
1244 2688 1308 2753 710

192 2797 267 2839 nam
290 2797 350 2839 sua
371 2774 487 2860 cuique
509 2774 590 2838 cibis
613 2796 652 2838 ex
675 2774 824 2837 omnibus
847 2773 937 2838 intus
959 2774 993 2837 in
1015 2783 1104 2839 artus

192 2902 321 2966 corpora
342 2878 512 2944 discedunt
534 2901 718 2964 conexaque
740 2879 960 2944 convenientis

191 2983 336 3047 efficiunt
358 2991 466 3047 motus
478 3006 486 3062 ;
513 2991 549 3048 at
571 2996 683 3047 contra
704 2984 810 3048 aliena
833 2984 978 3049 videmus

191 3086 308 3151 reicere
330 3086 365 3149 in
388 3094 490 3150 terras
511 3094 671 3162 naturam,
695 3087 863 3172 multaque
886 3088 987 3152 caecis

190 3191 374 3277 corporibus
396 3191 528 3278 fugiunt
550 3215 568 3257 e
592 3186 866 3277 corpore'percita
889 3193 1000 3280 plagis,
1242 3206 1303 3273 715

190 3318 272 3381 quae
293 3317 399 3380 neque
421 3296 545 3360 conecti
569 3317 729 3381 quoquam
753 3304 888 3381 potuere
910 3319 1017 3381 neque
1040 3295 1129 3360 intus

191 3399 299 3464 vitalis
322 3407 430 3464 motus
452 3399 631 3464 consentire
654 3407 753 3484 atque
777 3399 905 3463 imitari.

190 3501 246 3567 sed
267 3525 310 3568 ne
332 3503 414 3567 forte
436 3511 533 3588 putes
555 3503 708 3568 animalia
730 3505 796 3568 sola
818 3504 922 3568 teneri

102 3697 136 3764 st.
232 3720 279 3770 693
297 3721 375 3768 isdem
391 3719 480 3770 Lamb.
500 3721 540 3770 for
555 3723 633 3770 idem:
655 3720 737 3783 ‘quod
754 3724 793 3771 est
812 3736 875 3770 sane
894 3720 1123 3784 simplicissimum,
1143 3721 1187 3772 sed
1205 3721 1306 3771 videtur

102 3789 237 3851 ²bhorrere
254 3803 286 3852 ab
301 3817 351 3852 usu
368 3802 495 3853 Lucretii'
507 3798 570 3867 ‘says
587 3803 667 3854 Lach.
683 3804 741 3854 who
758 3804 832 3854 reads
848 3805 1000 3866 awkwardly
1015 3807 1082 3853 nulli
1099 3805 1236 3861 tornella,
1253 3804 1305 3853 and

102 3866 177 3932 sdan.
208 3885 261 3934 But
278 3885 340 3934 here
356 3884 408 3935 and
424 3900 440 3935 v
456 3887 505 3938 349
521 3886 597 3936 Lucr.
615 3886 832 3949 unquestionably
849 3886 911 3936 used
928 3888 1013 3945 isdem,
1026 3902 1055 3936 as
1072 3885 1116 3935 did
1133 3887 1174 3935 his
1191 3890 1304 3936 oontem-

102 3961 223 4016 ³0rariea
358 3965 407 4016 694
429 3974 544 4017 constant
565 3967 614 4018 Ed.
640 3967 702 4017 with
725 3968 746 4016 B
768 3967 837 4017 Nicc.
851 3968 890 4032 (i),
915 3967 1003 4018 Gamb.
1026 3969 1096 4017 Mon.
1120 3967 1210 4019 Lamh.
1235 3968 1303 4030 vulg.

102 4046 303 4096 ξ11111111Ι11111.
315 4046 378 4096 with
388 4048 412 4096 Δ
422 4062 502 4100 corn:
521 4063 561 4098 see
573 4049 629 4100 337.
729 4049 777 4100 696
788 4050 828 4098 for
842 4065 924 4099 rerum
939 4050 968 4098 ‘f.
981 4064 1069 4099 verum
1082 4049 1155 4098 G‚V.’
1167 4050 1195 4098 in
1208 4049 1303 4099 Isaac's

102 4128 151 4177 tas.
175 4130 262 4178 notes:
280 4128 332 4178 and
352 4128 437 4178 before
456 4129 513 4178 him
532 4130 623 4188 Pont.;
648 4131 701 4179 and
717 4145 746 4179 so
765 4130 857 4180 Lach:
880 4134 924 4194 yet
945 4133 1014 4193 longe
1033 4131 1062 4179 of
1076 4131 1144 4179 Flor.
1163 4132 1195 4180 31
1212 4131 1302 4181 Camb.

102 4206 167 4260 Uar.
186 4224 247 4272 may
257 4209 289 4259 be
306 4209 384 4274 right,
395 4225 424 4260 as
443 4211 488 4262 the
507 4212 588 4262 scribe
606 4212 690 4275 might
701 4214 758 4262 well
773 4213 845 4262 write
858 4215 999 4276 primordia
1017 4229 1099 4262 rerum
1117 4213 1303 4278 mechanically

102 4284 169 4341 'tom
191 4291 236 4341 the
257 4306 327 4342 mera
348 4292 401 4343 fact
423 4293 452 4343 of
472 4293 545 4345 these
564 4294 648 4344 words
670 4310 699 4344 so
721 4296 792 4346 often
815 4296 918 4357 coming
940 4295 1064 4357 together.
1164 4295 1212 4346 716
1234 4298 1303 4345 intus

102 4361 321 4422 ἱ411111110111111.
354 4374 459 4425 interii
477 4389 541 4425 corr.
559 4375 648 4426 Gamb.
683 4380 752 4426 intra
769 4377 857 4428 Nica:
882 4380 1021 4427 comentirc
1038 4376 1061 4426 is
1078 4376 1138 4426 here
1156 4376 1298 4427 transitive.
