2834 4792
154 354 269 417 corpus
291 341 325 397 et
346 333 449 397 aerias
471 353 566 397 auras
587 354 757 418 roremque
781 332 922 419 liquoris,

155 434 202 498 nil
224 434 259 498 in
282 433 416 500 concilio
438 444 589 500 naturam
613 444 650 499 ut
674 444 781 501 mutet
804 458 923 511 eorum,

156 537 246 602 nulla
267 537 330 602 tibi
352 560 392 603 ex
414 537 478 603 illis
499 538 621 624 poterit
644 561 696 603 res
718 560 786 605 esse
809 548 926 615 create,

156 663 221 704 non
242 641 399 719 animans,
419 664 485 708 non
507 642 656 709 exanimo
677 666 752 707 cum
775 664 914 729 corpore,
937 654 975 709 ut
997 644 1110 709 arbos:

156 744 275 830 quippe
297 767 391 811 suam
413 745 552 833 quicque
574 746 609 811 in
631 756 724 811 coetu
749 747 903 813 variantis
926 749 1030 813 acervi

156 858 306 914 naturam
328 850 478 915 ostendet
501 850 686 936 mixtusque
709 850 873 916 videbitur
895 874 949 916 aer

154 973 229 1015 eum
250 960 337 1017 terra
358 951 455 1017 simul
477 960 576 1039 atque
598 952 693 1018 ardor
715 975 789 1018 cum
810 975 881 1018 rore
904 976 1040 1019 manere.

156 1062 192 1118 at
212 1054 388 1140 primordia
407 1055 585 1143 gignundis
606 1055 642 1120 in
663 1055 760 1121 rebus
782 1066 909 1142 oportet

155 1166 306 1223 naturam
327 1158 561 1224 clandestinam
583 1181 774 1244 caecamque
797 1159 959 1237 adhibere,

156 1259 297 1325 emineat
319 1260 439 1346 nequid
462 1260 547 1347 quod
569 1271 681 1327 contra
703 1272 828 1350 pugnet
850 1271 884 1326 et
907 1262 1013 1327 obstet

157 1364 328 1448 quominus
349 1387 418 1430 esse
440 1375 540 1451 queat
563 1366 689 1451 proprie
712 1367 938 1453 quodcumque
961 1376 1095 1431 creatur.

203 1467 413 1547 Quinetiam
436 1477 591 1554 repetunt
613 1491 634 1534 a
655 1470 742 1534 caelo
765 1480 863 1555 atque
886 1471 1016 1556 ignibus
1038 1470 1107 1534 eius

157 1578 192 1635 et
213 1571 355 1657 primum
378 1572 502 1638 iaciunt
524 1573 634 1660 ignem
657 1595 691 1638 se
714 1583 840 1639 vertere
864 1574 897 1638 in
920 1596 1015 1639 auras

157 1673 248 1750 aeris,
270 1672 345 1739 hinc
367 1674 505 1739 imbrem
526 1675 619 1762 gigni
641 1684 825 1762 terramque
848 1676 949 1740 creari

157 1800 198 1842 ex
220 1777 317 1843 imbri
337 1787 488 1865 retroque
510 1802 530 1844 u
551 1788 638 1844 terra
660 1788 777 1844 cuneta
798 1780 927 1855 reverti,

159 1903 303 1946 umorem
325 1882 477 1967 primum,
498 1891 571 1968 post
593 1905 675 1959 aera,
698 1882 815 1946 deinde
838 1882 985 1958 calorem,

157 2006 218 2049 nec
239 2008 360 2052 cessare
383 1987 462 2052 haec
484 1988 571 2052 inter
592 2010 627 2053 se
649 1996 785 2063 mutare,
808 2009 914 2051 meare

158 2109 179 2151 a
199 2089 287 2153 caelo
308 2089 349 2154 ad
372 2098 502 2166 terrem,
524 2091 564 2155 de
587 2100 674 2155 terra
696 2089 738 2153 ud
761 2089 866 2153 sidera
889 2089 1010 2153 mundi.

158 2192 242 2276 quod
266 2193 368 2258 fecere
391 2194 479 2259 haud
501 2194 567 2258 ullo
588 2193 709 2258 debent
732 2193 907 2279 primordia
930 2203 1040 2278 pacto;

158 2294 361 2361 immutabile
384 2297 472 2361 enim
494 2296 649 2382 quiddam
671 2318 822 2382 superare
845 2306 1014 2371 necessest,

157 2419 199 2461 ne
220 2419 272 2463 res
293 2399 335 2463 ud
356 2400 460 2464 nilum
482 2400 672 2486 redigantur
695 2399 842 2463 funditus
865 2422 982 2464 omnes.

158 2522 234 2565 nam
256 2502 482 2589 quodcumque
504 2505 571 2567 suis
593 2512 758 2567 mutatum
781 2503 900 2566 finibus
923 2504 999 2577 exit,

158 2604 311 2671 continuo
333 2606 393 2671 hoc
414 2629 500 2671 mors
521 2617 572 2671 est
593 2607 681 2671 illius
703 2606 790 2693 quod
812 2607 875 2671 fuit
898 2616 981 2672 aute.

160 2717 356 2793 quapropter
377 2710 529 2795 quoniam
552 2732 634 2796 quae
657 2710 753 2796 paulo
775 2710 917 2775 diximus
939 2720 1015 2774 ante

161 2811 195 2874 in
217 2822 452 2878 commutatum
476 2814 621 2892 veniunt,
643 2824 789 2880 constare
811 2823 971 2879 necessest

160 2936 200 2978 ex
222 2914 294 2979 aliis
316 2938 363 2993 ea,
385 2938 468 3002 quae
489 2927 653 3001 nequeant
676 2917 855 2982 convertier
878 2939 1023 3002 usquam,

160 3040 201 3083 ne
225 3018 287 3083 tibi
308 3042 359 3085 res
379 3021 515 3087 redeant
536 3021 578 3085 sd
599 3021 704 3085 nilum
728 3020 875 3085 funditus
898 3043 1015 3084 omnes¹

161 3121 241 3206 quin
262 3122 371 3206 potius
393 3124 452 3188 tali
473 3131 592 3189 natura
614 3124 762 3210 praedita
783 3124 943 3209 quaedam

160 3245 291 3310 corpora
313 3226 631 3317 constitues-ignem
653 3227 680 3290 si
703 3228 784 3290 forte
807 3226 952 3301 cresunt,

160 3348 253 3413 posse
275 3328 389 3395 eedem
409 3328 553 3423 demptis
574 3330 686 3417 paucis
708 3330 883 3415 paucisque
906 3328 1047 3403 tributis,
1215 3330 1278 3394 800

69 3584 128 3646 ing.
265 3586 313 3637 777
323 3594 353 3637 ut
363 3584 387 3635 B
398 3600 462 3638 sorr.
477 3586 546 3636 Flor.
558 3587 590 3636 31
602 3587 692 3638 camb.
707 3586 747 3635 for
759 3593 792 3636 et.
935 3587 982 3637 774
994 3587 1110 3634 animans
1121 3584 1196 3636 Pont.
1212 3585 1276 3636 Mur.

70 3666 149 3716 tunt.
161 3666 201 3716 ior
212 3669 319 3717 animat.
417 3670 465 3722 775
476 3671 585 3733 quicque
595 3670 625 3718 iu
635 3676 705 3718 coetu
717 3668 783 3717 Mar.
795 3667 869 3716 Junt.
884 3666 924 3716 for
935 3670 1038 3730 quisque
1050 3669 1078 3714 tn
1089 3674 1191 3715 coetum.

109 3748 157 3800 776
167 3748 279 3799 ostendet
288 3748 360 3799 Flor.
371 3751 402 3800 sl
413 3750 510 3801 Avano.
522 3750 562 3798 sor
573 3751 689 3800 ostendit.
841 3750 887 3800 777
899 3755 952 3809 atq.
962 3749 1038 3796 ardor
1049 3763 1104 3796 cum
1118 3763 1171 3796 rore
1187 3748 1277 3798 Lamb.

74 3830 178 3893 mutely
193 3830 235 3881 ior
251 3838 277 3880 et
292 3833 400 3895 quodum
415 3848 471 3882 cum
486 3847 550 3881 rore.
703 3833 751 3883 778
767 3832 839 3880 rebus
856 3838 959 3892 oportet.
977 3830 1045 3879 rebu'
1063 3837 1180 3879 necessest
1200 3831 1278 3879 Lach.

73 3910 155 3961 Beru.
174 3907 285 3961 without
305 3925 358 3975 any
374 3911 517 3975 neeessity:
545 3911 567 3960 if
589 3911 691 3962 Ennius
710 3911 802 3961 Accius
825 3911 922 3961 Seneca
944 3911 1070 3968 Catullus,
1088 3909 1170 3971 Virgil
1189 3909 1217 3958 in
1237 3910 1280 3958 his

72 3990 201 4053 eclogam,
218 3990 367 4055 Propertius
384 3991 450 4043 ovid
465 3991 518 4042 and
535 3991 622 4042 others
638 4007 686 4042 can
703 4006 749 4041 use
765 3991 810 4041 the
826 3991 902 4051 word,
922 3991 943 4040 it
960 3991 983 4040 is
1000 3994 1046 4039 not
1063 3994 1106 4039 too
1123 3991 1223 4051 prosaie
1240 3991 1280 4039 tor

72 4072 150 4124 Luor.
252 4074 301 4125 788
311 4076 432 4124 Emiserat
441 4075 586 4137 Naugerius
597 4075 654 4123 first
666 4075 706 4123 tor
717 4077 850 4124 demineet.
960 4075 1005 4126 781
1019 4073 1152 4123 creature
1163 4087 1227 4121 corr.
1240 4074 1281 4122 tor

73 4160 186 4205 ercam.
284 4156 333 4206 tst
349 4154 397 4207 785
414 4156 599 4213 bimembrem,
617 4172 647 4205 ex
664 4157 749 4214 imbri,
766 4172 783 4205 α
801 4163 869 4205 terre
886 4156 951 4204 Mar.
968 4155 1026 4205 Ald.
1046 4156 1059 4203 1
1079 4154 1132 4204 end
1151 4154 1224 4204 Junt.
1242 4156 1282 4204 tor

74 4234 136 4283 bine
147 4236 239 4297 ianm,
250 4249 281 4285 ee
292 4236 356 4297 ipat,
368 4236 398 4284 ia
408 4243 517 4286 terrem:
534 4235 579 4285 the
589 4235 688 4298 change
701 4235 724 4284 is
738 4236 922 4299 peremptorily
933 4235 1065 4298 required:
1087 4235 1204 4285 Catullus
1220 4236 1250 4284 62
1266 4237 1280 4286 7

74 4315 166 4365 intres
181 4320 246 4379 mss.
262 4314 303 4365 tor
318 4317 397 4379 ipses.
505 4318 552 4368 789
565 4323 641 4380 pacto
659 4316 729 4364 Mon.
747 4315 804 4365 Ald.
826 4317 839 4363 1
856 4315 930 4363 tunt.
948 4316 989 4364 for
1000 4317 1082 4378 sacto.
1190 4315 1237 4365 806
1254 4322 1282 4363 ut

1178 4420 1195 4478 5
