2834 4792
744 246 761 310 I

238 428 301 491 quo
325 406 423 472 fuerit
446 408 581 472 missurn
604 409 706 473 mavis
729 409 887 496 longeque
909 408 1026 486 volare,

239 531 281 571 an
303 509 473 593 prohibere
495 510 618 596 aliquid
640 534 752 576 censes
774 512 967 598 obstareque
990 517 1108 599 posse?

240 614 435 679 alterutrum
458 617 590 681 fatearis
611 617 697 682 enim
721 641 893 704 sumesque
916 628 1085 684 necessest.

240 740 376 802 quorum
400 728 575 805 utrumque
596 720 659 785 tibi
681 720 840 808 effugium
862 723 1042 807 praecludit
1065 732 1100 788 et
1122 745 1217 788 omne
1293 726 1375 806 971
1397 784 1400 789 ,

241 821 328 907 cogit
350 829 388 886 ut
411 831 564 907 exempta
585 823 740 888 concedas
762 823 827 889 fine
849 834 970 911 patere.

241 947 316 988 nuru
339 925 405 989 sive
428 934 477 990 est
500 926 617 1012 aliquit
639 927 726 1013 quod
747 929 882 1014 probeat
904 928 1088 1016 efficiatque

242 1027 406 1111 quomiuu'
429 1051 493 1114 quo
514 1030 649 1093 missum
672 1038 723 1095 est
745 1031 857 1097 veniat
879 1031 1001 1118 finique
1024 1032 1107 1096 locet
1130 1053 1174 1108 se,

241 1128 308 1192 sive
331 1129 413 1193 lorus
436 1131 547 1207 fertur,
568 1154 633 1196 non
655 1140 705 1196 est
728 1154 748 1196 a
769 1133 834 1198 fine
855 1133 1047 1219 profectum.

242 1232 300 1297 hoc
324 1244 417 1319 pacto
440 1256 556 1320 sequar
577 1246 685 1321 atque,
706 1259 778 1301 oras
800 1236 997 1323 ubicumque
1020 1236 1134 1302 locaris
1296 1221 1406 1320 9ἑο

243 1345 412 1413 extremas,
434 1362 587 1424 quaeram
610 1341 688 1426 quid
712 1341 778 1406 telo
800 1341 941 1427 denique
964 1341 1030 1406 fiat.

244 1440 300 1504 liet
324 1440 374 1504 uti
396 1464 555 1528 nusquam
578 1443 680 1528 possit
702 1444 875 1509 consistere
897 1444 971 1508 finis

244 1544 464 1631 effugiumque
488 1546 583 1632 fugae
605 1548 745 1632 prolatet
767 1549 860 1634 copis
881 1571 1013 1634 semper.

158 1650 221 1727 998
245 1658 406 1733 postremo
428 1660 504 1715 ante
527 1652 635 1716 oculos
657 1674 707 1716 res
730 1676 797 1717 rem
820 1653 913 1718 finire
936 1654 1084 1734 videtur;

245 1774 298 1815 uer
320 1752 476 1839 dissaepit
498 1756 587 1820 collis
608 1767 707 1842 atque
730 1780 804 1822 aera
826 1768 961 1835 montes,
1300 1751 1394 1841 93

246 1865 331 1921 tcrru
353 1879 440 1923 mare
463 1869 497 1923 ot
519 1869 630 1924 contra
652 1883 739 1925 mare
762 1871 864 1926 terres
886 1862 1041 1928 terminat
1064 1863 1185 1942 omnis;

246 1978 340 2020 omne
363 1958 493 2042 quidem
518 1981 592 2023 vero
614 1960 661 2023 nil
683 1971 732 2024 est
755 1961 841 2046 quod
863 1961 957 2028 finiat
979 1970 1078 2028 extra

159 2062 225 2139 984
292 2060 461 2125 Pmoturea
483 2062 625 2147 spatium
648 2065 786 2128 summai
809 2065 911 2129 totius
933 2087 1028 2129 omne

248 2163 388 2249 undiquc
411 2165 438 2227 si
462 2165 620 2229 inclusum
644 2166 740 2230 certis
762 2166 952 2232 consisteret
975 2168 1038 2232 oris

247 2267 439 2353 finitumque
463 2270 553 2343 foret,
575 2269 640 2333 ium
663 2269 756 2354 copia
778 2270 926 2334 materiai

246 2370 389 2457 undique
412 2373 607 2457 ponderibus
629 2374 739 2439 solidis
761 2374 925 2439 confluxet
947 2373 988 2438 ad
1011 2374 1113 2438 imum

248 2497 305 2539 uro
328 2500 377 2540 rus
400 2476 465 2541 ullu
487 2478 556 2563 geri
578 2478 639 2543 sub
661 2478 742 2543 caeli
765 2476 909 2564 tegmine
931 2487 1039 2563 posset

250 2600 307 2641 uuo
332 2580 411 2643 liuut
434 2580 564 2644 omuino
587 2581 712 2645 caelum
736 2601 841 2666 neque
863 2581 989 2645 lumina
1011 2581 1094 2657 solis,

163 2698 229 2762 990
251 2680 371 2766 quippo
395 2682 451 2745 ubi
473 2683 625 2747 materies
648 2683 753 2747 omnis
775 2683 942 2748 cumulata
964 2684 1084 2748 iaceret

250 2808 289 2848 ox
312 2785 439 2849 intinito
462 2786 526 2851 iam
550 2797 694 2873 ternpore
717 2788 919 2853 subsidendo.

250 2898 284 2953 at
308 2910 393 2952 uuuc
416 2889 568 2953 nimirum
592 2890 719 2977 requies
741 2891 819 2955 data
840 2890 1072 2976 principiorum

250 2990 434 3075 corporibus
456 2991 586 3067 nullast,
609 2992 685 3078 quiu
707 2992 752 3057 nil
776 3003 824 3057 est
847 2992 994 3057 funditus
1016 2994 1119 3057 imum

251 3117 315 3182 quo
338 3093 429 3180 qussi
452 3094 611 3159 confluere
634 3106 668 3160 et
690 3096 782 3160 sedes
805 3096 862 3160 ubi
885 3118 1003 3183 ponere
1027 3096 1159 3181 possint.

163 3213 225 3281 995
250 3220 377 3284 semper
399 3198 432 3262 iu
455 3198 589 3263 adsiduo
612 3210 703 3263 motu
726 3220 776 3263 res
798 3220 947 3284 quaeque
969 3208 1129 3284 geruntur

249 3301 396 3387 partibus
419 3324 435 3367 e
456 3302 581 3366 eunctis
603 3302 791 3386 infernaque
813 3301 1064 3386 suppeditantur

163 3486 192 3535 iu
204 3487 305 3548 margin
317 3485 420 3549 explain
433 3488 555 3535 intulistis
567 3501 596 3535 as
613 3487 683 3535 rolris
699 3487 801 3535 reddis.
932 3487 980 3538 971
995 3487 1089 3547 officiat
1103 3483 1196 3535 hamb.
1207 3483 1307 3548 rightly
1318 3480 1404 3535 snb

164 3566 249 3619 before
271 3567 327 3617 him
350 3568 480 3632 Gryphius
502 3569 530 3617 oi
550 3569 637 3630 Lycus
660 3569 723 3617 1534
746 3568 798 3618 end
821 3569 884 3618 1540
906 3568 946 3618 ior
968 3571 1067 3631 (ficiat,
1090 3568 1157 3617 sites
1178 3566 1224 3617 the
1246 3568 1392 3618 constant

165 3664 242 3713 usage
259 3650 288 3700 01
302 3650 394 3702 Lucu:
419 3665 447 3700 so
463 3650 528 3713 Livy
546 3666 571 3700 ιν
591 3652 621 3699 31
643 3651 657 3700 5
677 3650 781 3710 Madvig
800 3651 866 3700 alter
885 3651 968 3700 Faber
986 3650 1060 3700 reads
1080 3651 1163 3714 offecit
1183 3650 1258 3716 (mss.
1275 3643 1394 3714 tffoeilfi

164 3734 301 3796 promissus.
334 3732 414 3781 Luch.
426 3733 502 3795 keeps
513 3735 613 3795 efficiat.
647 3733 710 3795 [But
722 3733 762 3781 ior
774 3734 866 3794 efficiat
877 3746 919 3781 see
933 3732 975 3781 lex
991 3730 1039 3781 ool.
1053 3730 1194 3782 Genetivse
1208 3745 1230 3780 11
1246 3732 1263 3781 4
1278 3735 1293 3785 1
1309 3743 1416 3782 nov&

164 3816 320 3878 quiescens,
332 3831 379 3878 quo
392 3818 472 3865 usiaus
486 3819 521 3865 itu
535 3832 603 3879 uque
614 3817 742 3878 ducatus]
841 3816 888 3866 981
894 3817 947 3878 fiat
957 3815 1027 3864 Nico.
1041 3815 1080 3864 ior
1088 3816 1145 3878 flet.
1239 3816 1354 3867 984-98

165 3897 330 3962 (use-1001)
344 3899 356 3946 Ι
367 3897 432 3948 have
444 3898 577 3948 elsewhere
588 3897 684 3960 proved
695 3896 789 3947 should
800 3911 872 3946 come
883 3895 912 3944 in
923 3895 977 3945 this
989 3896 1070 3958 place.
1185 3897 1234 3948 989
1245 3899 1348 3947 inclusa
1361 3920 1371 3932 1-

164 3979 234 4030 Nico.
247 3981 287 4030 for
300 3982 417 4030 inclusus.
528 3982 574 4032 991
587 3983 710 4043 coenares
721 3980 788 4029 Flor.
804 3981 835 4028 31
848 3980 906 4028 first
917 3979 957 4028 for
972 3980 1101 4041 confluxit.
1214 3979 1263 4031 997
1274 3981 1417 4039 cullas

165 4062 278 4113 Politian
289 4063 317 4111 in
329 4078 410 4126 marg.
422 4063 489 4113 Flor.
505 4065 536 4114 29
548 4062 607 4111 Ver.
621 4062 686 4112 Van.
698 4062 791 4112 Heius.
803 4061 831 4110 in
843 4076 891 4111 ms.
903 4064 978 4110 notes
989 4060 1029 4110 lor
1040 4062 1133 4109 aalma

198 4145 246 4194 998
258 4147 357 4208 possint
374 4144 431 4194 Ald.
451 4146 464 4192 1
482 4144 555 4193 lunt.
573 4144 613 4194 for
626 4145 715 4206 possit.
799 4143 863 4192 1000
880 4157 892 4191 e
909 4140 1028 4205 supplied
1043 4141 1077 4203 by
1093 4139 1165 4190 Mon.
1180 4139 1234 4190 and
1250 4140 1333 4190 Laeh.
1349 4140 1374 4189 is

165 4225 248 4277 better
258 4226 324 4278 than
336 4229 365 4277 in
375 4227 404 4276 01
413 4227 478 4276 Mar.
491 4227 543 4276 and
555 4227 626 4277 older
641 4224 744 4276 editors.
870 4226 979 4287 'inferna
994 4224 1017 4273 is
1032 4223 1104 4285 quite
1118 4221 1202 4284 right:
1223 4236 1265 4270 see
1280 4221 1370 4272 (lamb.

165 4310 255 4360 Journ.
270 4311 299 4361 of
308 4309 372 4374 phil.
384 4325 395 4360 1
407 4325 433 4374 p.
443 4312 482 4359 33.
511 4310 591 4360 Lech.
603 4310 717 4372 wrongly
727 4308 826 4358 follows
836 4307 901 4357 Mar.
915 4306 972 4356 Ald.
986 4307 999 4354 1
1012 4306 1085 4355 Junt.
1096 4305 1186 4356 Lemb.
1199 4309 1248 4354 eto.
1259 4303 1290 4353 in
1300 4305 1372 4354 read·

164 4391 208 4454 ing
225 4398 374 4454 aeternoque
392 4391 444 4441 and
461 4390 525 4440 adds
541 4391 592 4440 ‘rei
609 4388 799 4446 convenienter,
812 4387 929 4450 quamvis
945 4401 1019 4436 secus
1035 4385 1153 4436 videatur
1169 4386 1329 4437 Wakefieldo
1346 4391 1372 4436 et
