2834 4792
729 212 765 277 II

232 379 373 444 adsimili
394 379 519 444 ratione
541 378 620 443 alias
642 387 680 443 ut
703 379 845 464 postulet
867 379 952 454 ordo,

233 484 261 548 si
285 492 322 548 tu
345 484 427 548 forte
450 483 536 548 voles
558 482 658 547 etiam
680 482 802 547 variare
825 483 952 569 figuras.

232 609 308 674 ergo
331 585 505 649 formarum
527 584 706 649 novitatem
728 584 867 670 corporis
889 607 1028 671 augmen

232 690 448 775 subsequitur.
492 711 590 774 quare
613 711 679 753 non
701 696 750 753 est
772 696 811 752 ut
833 689 960 753 credere
982 690 1083 774 possis

233 816 302 860 esse
324 794 461 858 infinitis
483 793 639 858 distantia
661 792 784 858 semina
806 793 922 869 formis,

233 919 275 961 ne
297 895 456 981 quaedam
479 917 573 981 cogas
595 894 719 959 inmani
742 894 944 959 maximitate

233 1023 312 1076 esse,
334 1020 432 1084 supra
453 997 540 1084 quod
561 998 627 1062 iarn
649 998 744 1062 docui
766 1020 829 1062 non
851 1020 942 1083 posse
965 997 1100 1083 probari.

234 1103 299 1168 iam
322 1101 384 1166 tibi
405 1100 589 1166 barbaricae
613 1110 720 1165 vestes
742 1100 963 1185 Meliboeaque
985 1100 1112 1186 fulgens

234 1228 377 1292 purpura
399 1205 581 1270 Thessalico
603 1206 794 1271 concharum
817 1214 905 1270 tacta
926 1204 1028 1270 colore

235 1435 333 1477 aurea
354 1435 516 1498 pavonum
538 1413 658 1477 ridenti
681 1413 809 1477 imbuta
831 1412 937 1497 lepore

235 1517 349 1592 saecla,
371 1538 452 1580 novo
475 1538 582 1580 rerum
605 1525 757 1602 superata
778 1516 880 1580 colore
902 1516 1044 1580 iacerent

236 1628 270 1683 et
292 1627 499 1704 contemptus
521 1619 598 1683 odor
619 1641 766 1704 smyrnae
790 1618 956 1704 mellisque
979 1640 1115 1703 sapores,

237 1731 271 1786 et
293 1744 411 1807 cycnea
433 1722 516 1786 mele
540 1721 751 1807 Phoebeaque
774 1721 908 1786 daedala
929 1721 1055 1785 chordis

237 1826 379 1889 carmina
400 1825 558 1890 consimili
580 1826 705 1890 ratione
728 1847 878 1910 oppressa
900 1825 1049 1904 silerent3

237 1950 376 2013 namque
399 1927 470 1991 aliis
492 1927 579 1992 aliud
603 1928 821 2012 praestantius
843 1935 1034 1991 exereretur.

237 2032 348 2096 cedere
372 2032 452 2096 item
474 2041 559 2096 retro
582 2041 712 2117 possent
735 2032 769 2095 in
791 2032 965 2097 deteriores

238 2133 346 2198 omnia
367 2133 412 2197 sic
435 2134 544 2220 partis,
567 2146 605 2198 ut
627 2134 769 2198 diximus
791 2133 825 2198 in
848 2132 1006 2210 melioris3

238 2260 377 2323 namque
399 2238 471 2303 aliis
493 2238 582 2302 aliud
605 2248 690 2303 retro
712 2260 840 2323 quoque
862 2236 1000 2302 taetrius
1022 2243 1106 2300 esset

239 2340 371 2404 naribus
392 2339 525 2404 auribus
546 2349 645 2425 atque
668 2340 767 2404 oculis
789 2339 915 2424 orisque
937 2339 1050 2424 sapori.

240 2465 322 2527 quae
346 2444 496 2528 quoniam
520 2466 584 2507 non
608 2453 693 2520 sunt,
715 2445 769 2510 sed
791 2444 887 2509 rebus
910 2443 1037 2508 reddita
1058 2451 1146 2507 certa

240 2546 313 2611 finis
335 2547 498 2632 utrimque
522 2556 612 2613 tenet
635 2571 803 2624 summam,
826 2549 946 2613 fateare
969 2558 1129 2613 necessest

239 2651 407 2714 materiem
431 2674 557 2737 quoque
581 2652 682 2717 finitis
705 2652 832 2717 differre
855 2653 975 2740 figuris.

239 2753 377 2839 denique
400 2754 441 2818 ab
464 2754 595 2840 ignibus
617 2756 657 2820 ad
680 2756 803 2842 gelidas
826 2756 888 2820 iter
910 2777 1012 2840 usque
1035 2754 1168 2839 pruinas

238 2856 401 2921 finitumst
424 2866 572 2942 retroque
596 2858 665 2943 pari
687 2859 811 2922 ratione
834 2866 1067 2936 remensumst3

239 2960 342 3023 omnis
365 2959 451 3023 enirn
474 2960 559 3025 calor
580 2984 617 3025 ac
640 2961 741 3047 frigus
764 2961 927 3046 mediique
950 2971 1077 3046 tepores

239 3063 481 3150 interutrasque
503 3064 610 3129 iacent
633 3066 800 3150 explentes
823 3065 933 3129 ordine
956 3085 1123 3128 summam.

241 3188 316 3253 ergo
338 3167 432 3231 finita
454 3167 577 3232 distant
599 3167 724 3232 ratione
746 3177 861 3243 creata,

149 3344 257 3405 semina.
361 3344 880 3409 491111110111111.1111111111.
914 3343 1155 3408 irreprobarellar.
1263 3341 1360 3390 501:1

154 3423 250 3474 believe
262 3439 278 3474 a
289 3439 360 3474 verse
371 3425 393 3474 is
404 3424 466 3475 here
477 3425 528 3475 lost
540 3426 568 3476 of
577 3426 632 3476 this
643 3432 736 3477 nature
748 3436 772 3478 et
784 3444 843 3492 quor
852 3431 985 3477 ostendunt
992 3430 1021 3477 in
1031 3429 1091 3476 solis
1104 3428 1155 3475 lucc
1165 3427 1264 3474 colores.
1289 3432 1360 3474 tacta

154 3505 807 3569 11111111111011111111111911111111149111111111.
843 3513 923 3560 tincto
934 3510 1007 3559 Junt.
1019 3509 1088 3571 vulg.
1204 3507 1359 3556 5011111111

155 3589 198 3637 Fr.
216 3588 327 3638 Medices
349 3589 389 3638 for
411 3592 495 3639 rident
517 3590 569 3640 and
592 3592 640 3641 503
662 3607 724 3641 rrovo
747 3592 787 3641 for
808 3608 880 3642 noca.
917 3595 1009 3653 Aurea,
1029 3607 1053 3654 p.
1071 3591 1166 3640 ridenti
1188 3591 1293 3638 imitata
1311 3591 1359 3638 etc.

155 3669 854 3734 1111111111111111111111.1111111511.
953 3674 1116 3723 5038111111.
1149 3672 1230 3735 Peplc
1246 3670 1273 3720 P.
1296 3671 1360 3720 Bur-

155 3765 237 3801 mann
253 3751 328 3800 Wak.
430 3752 478 3800 504
494 3754 531 3800 Et
547 3759 698 3815 contemptos
716 3756 775 3803 odor
791 3755 859 3805 Flor.
880 3755 911 3803 31
929 3754 1018 3804 Camb.
1035 3752 1106 3802 Brix.
1124 3752 1189 3802 Van.
1207 3751 1272 3800 Mar.
1291 3751 1359 3813 vulg.

156 3834 196 3883 for
212 3836 249 3883 Et
265 3839 415 3896 contemptus
431 3835 501 3883 udor.
536 3835 573 3883 Et
589 3843 741 3898 contemptus
757 3839 847 3886 sicodor
862 3837 933 3886 Nico.
949 3836 1020 3886 Ver:
1037 3834 1118 3885 hence
1134 3833 1148 3882 1
1162 3833 1231 3882 infer
1246 3831 1293 3883 the
1309 3847 1357 3883 ms.

156 3949 185 3998 or
199 3948 294 4011 roggro
311 3947 364 3997 aar
379 3909 463 3997 liar.
568 3950 615 3998 111
633 3951 676 3999 seo
692 3950 775 4002 cuneo
790 3950 825 4015 sy
840 3951 919 4002 nasu.
1021 3951 1069 4000 514
1079 3951 1166 4013 finita
1183 3946 1299 3998 Politian
1317 3947 1358 4013 (1),

156 4030 232 4081 Pont.
250 4030 315 4080 Mar.
333 4029 391 4079 Ald.
409 4031 422 4077 l
440 4030 513 4081 tunt.
533 4030 573 4080 111
589 4033 707 4094 infinitis.
837 4033 885 4082 515
902 4035 1043 4095 iteratque
1059 4030 1140 4081 Lech.
1157 4030 1198 4079 for
1214 4030 1360 4093 hiemisque.

156 4112 268 4174 perhaps
286 4112 392 4159 hiemum
407 4125 493 4173 usqne.
594 4112 643 4163 517
662 4113 746 4161 Omnis
763 4113 791 4162 ο1
806 4127 868 4162 mss.
885 4114 909 4162 is
925 4113 1002 4175 right.
1035 4114 1141 4162 Ectima
1158 4110 1209 4161 Ed.
1226 4111 1360 4174 formerly.

156 4196 241 4243 Ambit
257 4192 336 4243 Laoh.
367 4195 441 4243 Finis
459 4193 522 4243 Mar.
543 4193 617 4244 Junt.
650 4196 724 4243 Finit
740 4195 830 4245 Lamb.
848 4196 932 4258 vulgo.
1030 4196 1302 4256 5181aterutrasque=
1320 4208 1362 4244 see

157 4279 232 4327 notes
244 4279 266 4327 2.
302 4278 374 4326 Inter
387 4283 506 4338 utrasque
517 4290 580 4325 mss.
613 4278 792 4339 Interritroqce
808 4276 886 4328 Laoh.
899 4277 958 4328 here
973 4277 1026 4327 and
1040 4276 1069 4327 in
1082 4276 1131 4326 five
1146 4273 1222 4325 other
1236 4275 1331 4338 places,
1345 4290 1363 4324 1

157 4359 205 4410 472
220 4358 268 4410 476
283 4372 311 4407 v1
327 4358 375 4409 362
389 4358 460 4420 1062,
474 4357 526 4408 and
541 4373 574 4408 111
590 4359 638 4409 300
653 4358 735 4409 where
749 4360 763 4409 I
779 4359 842 4410 read
856 4362 928 4410 later
941 4367 1066 4423 atrosque,
1080 4357 1161 4409 andr
1175 4359 1224 4408 839
1239 4357 1280 4407 111
1293 4359 1363 4408 inter
