2834 4792
691 224 740 289 lv

192 382 227 447 in
249 383 401 470 quoiam
422 406 540 472 genere
563 393 614 450 est
635 384 712 450 solis
734 385 791 451 lux
812 392 847 451 et
870 407 970 471 vapor
991 385 1063 452 eius

191 496 363 574 pmpterea
385 488 462 574 quia
482 496 561 554 sunt
584 510 602 553 e
625 488 738 576 primis
759 489 845 554 facta
867 488 1003 554 minutis

191 612 275 677 quae
297 591 390 676 quasi
411 592 576 658 cuduntur
596 615 717 679 perque
739 593 822 659 aeris
843 592 1051 659 intervallum

192 716 257 759 non
279 693 434 760 dubitent
455 694 593 760 transire
616 696 766 781 sequenti
788 696 914 762 concita
935 696 1040 784 plaga

192 797 422 883 suppeditatur
443 797 531 863 enirn
553 798 723 863 confestim
747 799 869 864 lumine
892 800 1004 865 lumen

193 910 227 965 et
250 901 343 987 quasi
365 902 489 987 pmtelo
511 901 700 967 stimulatur
722 902 845 988 fulgere
867 903 984 991 fulgur.

192 1013 389 1090 quapropter
409 1003 581 1069 simulacra
604 1004 675 1091 pari
697 1005 822 1070 ratione
843 1025 973 1072 necesse
995 1014 1047 1072 est

192 1107 435 1173 inmemorabile
457 1131 515 1195 per
536 1108 681 1196 spatium
703 1118 921 1176 transcurrere
942 1132 1036 1196 posse

192 1210 347 1297 temporis
369 1210 404 1274 in
426 1219 557 1297 puncto,
578 1211 720 1298 primum
743 1211 829 1298 quod
850 1212 982 1298 pervola
1003 1234 1102 1278 causa

191 1322 241 1377 est
264 1311 374 1398 procul
396 1334 416 1377 a
437 1320 531 1399 tergo
552 1335 636 1399 quse
657 1313 815 1399 provehat
836 1322 937 1399 atque
959 1313 1128 1399 propellat,

191 1416 277 1501 quod
299 1425 456 1501 superest,
478 1417 535 1481 ubi
558 1425 625 1482 tam
648 1418 771 1483 volucri
794 1418 929 1484 levitate
951 1418 1116 1498 ferantur;

191 1520 309 1586 deinde
331 1520 417 1607 quod
439 1543 542 1608 usque
565 1522 645 1587 adeo
668 1531 801 1588 textura
821 1522 969 1609 praedita
990 1545 1064 1588 rara

192 1623 379 1701 mittuntur,
402 1624 495 1689 facile
517 1632 557 1690 ut
578 1625 710 1711 quasvis
732 1635 902 1712 penetrare
924 1635 1048 1713 queant
1069 1649 1121 1692 res

191 1737 225 1792 et
248 1729 338 1814 quasi
362 1750 550 1814 permanare
572 1752 631 1817 per
652 1730 736 1796 aeris
758 1731 976 1796 intervallum.

192 1840 360 1918 praeterea
381 1831 418 1908 si,
441 1854 524 1918 quae
546 1833 679 1919 penitus
700 1834 889 1920 corpuscula
910 1857 1017 1900 rerum

192 1957 232 1999 ex
254 1934 385 2020 altoque
409 1934 492 2000 foras
514 1935 701 2014 mittuntur,
724 1936 799 2001 solis
820 1936 872 2001 uti
893 1936 950 2002 lux

191 2058 228 2101 ac
252 2058 359 2123 vapor,
382 2036 461 2101 baec
482 2046 604 2122 puncto
626 2047 804 2103 cernuntur
826 2039 916 2125 lapsa
937 2038 1003 2104 diei

192 2161 249 2225 per
271 2147 379 2203 totum
402 2139 483 2204 caeli
505 2140 648 2227 spatium
671 2140 851 2206 diffundere
873 2163 943 2206 sese

191 2267 313 2330 perque
336 2244 442 2309 volare
465 2268 553 2310 mare
575 2268 613 2310 ac
635 2255 737 2311 terras
759 2247 948 2332 caelumque
970 2247 1084 2334 rigare,

192 2346 271 2431 quid
293 2369 376 2432 quae
398 2355 476 2411 sunt
498 2347 600 2434 igitur
621 2347 687 2412 iam
709 2347 815 2434 prime
836 2349 942 2414 fronte
964 2357 1087 2435 parate,

192 2471 264 2513 cum
289 2449 453 2514 iaciuntur
474 2459 508 2514 et
531 2451 684 2516 emissum
707 2472 757 2516 res
779 2451 870 2516 nulle
891 2455 1059 2516 moratur?

192 2577 297 2640 quone
320 2552 410 2617 vides
432 2553 530 2618 citius
551 2553 669 2619 debere
692 2562 725 2618 et
749 2554 876 2641 longius
898 2554 945 2620 ire

193 2657 428 2743 multiplexque
450 2658 511 2724 loci
533 2658 677 2744 spatium
700 2667 916 2724 transcurrere
939 2659 1051 2724 eodem

193 2770 338 2846 tempore
361 2784 424 2846 quo
446 2762 522 2826 solis
544 2761 736 2847 pervolgant
759 2760 883 2825 lumina
905 2762 1054 2827 caelum?

192 2865 251 2929 hoc
274 2864 373 2929 etiam
396 2866 431 2929 in
453 2865 566 2951 primis
591 2865 753 2951 specimen
777 2888 889 2930 verum
912 2889 980 2932 esse
1002 2866 1133 2932 videtur

192 2992 289 3055 quem
312 2969 407 3033 celeri
430 2977 521 3033 motu
544 2992 651 3034 rerum
675 2969 847 3034 simulacra
868 2969 1021 3047 ferantur,

192 3073 278 3158 quod
301 3073 457 3138 simulac
480 3074 621 3159 primum
644 3073 704 3137 sub
727 3073 783 3137 diu
806 3071 957 3158 splendor
978 3073 1074 3158 aquai

192 3176 333 3261 ponitur,
356 3177 519 3262 extemplo
541 3177 628 3241 caelo
650 3176 802 3240 stellante
825 3198 937 3240 serena

192 3280 297 3344 sidera
319 3279 513 3364 respondent
536 3280 570 3342 in
592 3301 677 3364 aqua
698 3277 860 3342 radiantia
881 3277 1004 3341 mundi.

192 3383 299 3447 iamne
324 3383 415 3447 vides
437 3382 539 3468 igitur
561 3404 658 3468 quam
680 3389 802 3467 puncto
824 3389 969 3465 tempore
992 3380 1099 3466 imago

191 3485 331 3549 aetheris
354 3509 393 3550 ex
415 3484 536 3550 crisin
558 3493 717 3550 terrarum
740 3483 866 3548 accidat
888 3487 981 3547 orae?

192 3610 290 3673 quare
313 3588 413 3653 etiam
435 3596 534 3673 atque
557 3588 657 3652 etiam
681 3586 761 3651 mira
784 3587 905 3651 fateare
926 3593 1087 3651 necessest

105 3826 172 3876 cited
183 3827 211 3876 in
222 3831 296 3876 notes
308 3828 330 3877 2,
463 3827 509 3877 190
520 3825 620 3888 folpere
632 3825 677 3873 AB
689 3824 761 3874 Nico.
773 3823 842 3873 Flor.
854 3823 886 3873 31
901 3823 991 3874 (lamb.
1002 3823 1074 3872 Mon.
1087 3825 1102 3872 3
1114 3822 1172 3874 Vat.
1206 3826 1313 3888 sulpure

106 3911 120 3957 2
132 3908 190 3959 Vat.
200 3908 272 3958 Brix.
281 3907 346 3958 Ven.
356 3907 422 3960 Mar.
431 3906 484 3957 eds.
491 3906 578 3956 before
586 3906 666 3956 Lech.
766 3905 813 3956 135
824 3903 904 3954 Laoh.
917 3904 1001 3967 places
1012 3903 1080 3954 after
1091 3904 1152 3954 205:
1169 3905 1184 3954 1
1195 3906 1312 3969 wrongly

104 3990 221 4041 followed
231 3990 288 4040 him
298 3989 427 4052 formerly.
551 3989 598 4040 199
613 3990 660 4037 203
671 3988 700 4038 in
711 4002 756 4051 my
767 3987 843 4038 small
855 3987 895 4037 ed.
908 3987 921 4036 I
933 3987 1041 4038 allowed
1051 3986 1086 4051 by
1096 3985 1217 4037 accident
1227 3988 1311 4038 Lach-

104 4073 207 4122 mann's
218 4071 390 4135 punctuation
402 4075 430 4121 to
441 4071 534 4122 stand:
552 4069 581 4119 of
593 4084 683 4119 course
695 4068 768 4119 there
779 4068 874 4119 should
885 4068 916 4119 be
927 4083 943 4118 a
954 4083 1057 4119 comma
1068 4068 1134 4118 after
1144 4070 1168 4118 ri
1179 4068 1233 4120 and
1244 4069 1311 4120 after

105 4155 161 4211 203,
173 4153 218 4203 the
230 4152 350 4216 apodosis
361 4151 504 4214 beginning
515 4155 543 4201 at
556 4153 624 4213 Quid
636 4166 709 4214 quoe.
758 4202 759 4207 ,
808 4152 856 4200 303
867 4153 972 4201 coelum.
1006 4153 1101 4200 circum
1111 4148 1191 4202 lach.

137 4234 185 4286 206
194 4237 286 4297 Quoue.
316 4237 404 4285 Nonne
417 4235 439 4283 Β
450 4248 515 4284 corr.
524 4234 600 4284 Pont.
611 4233 675 4285 Mer.
687 4233 757 4295 vulg.
857 4233 905 4282 211
914 4235 960 4283 diu
969 4233 1013 4281 AB
1022 4233 1094 4283 Nico.
1122 4233 1256 4297 divovulg.
1267 4233 1309 4284 be·

105 4317 158 4365 fore
168 4314 247 4366 Laeh.
348 4316 396 4365 213
407 4317 504 4365 mundi.
537 4315 628 4365 mundo
639 4313 720 4364 Iaaoh.
732 4313 779 4363 but
790 4313 859 4373 here,
871 4329 902 4366 aa
912 4329 923 4363 1
935 4314 999 4364 1060
1009 4313 1168 4372 and1v418‚
1179 4312 1214 4364 he
1225 4328 1309 4365 seems

105 4400 152 4448 not
164 4400 191 4448 to
203 4396 253 4446 feel
263 4396 323 4448 that
333 4398 410 4448 Lucr.
422 4396 486 4448 calls
497 4396 542 4447 the
552 4395 671 4447 reflected
682 4395 766 4459 image
777 4410 793 4445 a
804 4397 929 4448 monam:
945 4411 962 4446 a
972 4395 1044 4458 quite
1055 4394 1162 4446 natural
1172 4394 1272 4447 notion
