2834 4792
656 220 687 287 V

155 383 183 448 si
205 393 317 449 tamen
338 384 464 449 interea
484 384 645 449 mirantur
667 405 731 469 qua
753 383 878 449 ratione

154 509 303 573 quaeque
324 487 394 572 geri
415 487 548 573 possint,
570 487 760 573 praesertim
783 487 879 551 rebus
901 487 936 550 in
957 487 1022 552 illis

155 613 238 676 quae
260 613 377 677 supera
398 598 497 677 caput
518 590 673 656 aetheriis
695 600 872 655 cernuntur
893 591 928 654 in
950 590 1021 668 oris,
1227 596 1267 674 85

153 716 264 758 rursus
286 694 321 758 in
343 694 497 779 antiquas
518 695 704 759 referuntur
725 693 895 780 religiones

155 806 189 862 et
210 797 358 862 dominos
379 797 461 862 acris
482 797 675 874 adsciscunt,
698 797 806 861 omnia
827 819 920 882 posse

154 923 234 986 quos
256 901 365 966 miseri
386 901 532 978 credunt,
554 900 660 986 ignari
682 900 760 986 quid
783 910 882 987 queat
904 922 981 977 esse,

153 1003 232 1089 quid
253 1013 403 1089 nequeat,
426 1004 521 1069 finita
541 1011 686 1090 potestas
708 1003 848 1088 denique
871 1002 987 1088 cuique

155 1129 295 1192 quanam
317 1108 362 1172 sit
382 1108 508 1172 ratione
530 1116 629 1192 atque
652 1106 718 1171 alte
741 1105 901 1170 terminus
924 1106 1067 1170 haerens.
1227 1124 1270 1188 90

198 1211 293 1292 Quod
315 1218 471 1296 superest,
492 1232 533 1274 ne
556 1219 590 1274 te
612 1209 648 1273 in
669 1209 834 1295 promissis
855 1208 949 1294 plura
971 1230 1141 1284 moremur,

154 1312 313 1398 principio
335 1313 437 1377 maria
458 1335 496 1377 ac
517 1320 621 1377 terras
642 1312 832 1396 caelumque
857 1320 968 1389 tuere;

154 1438 291 1501 quorum
313 1425 464 1482 naturam
486 1416 655 1502 triplicem,
678 1415 742 1480 tria
763 1437 902 1501 corpora,
927 1416 1071 1493 Memmi,

154 1519 213 1583 tris
235 1520 357 1604 species
379 1527 447 1584 tam
470 1518 644 1596 dissimilis,
667 1519 731 1584 tria
752 1518 832 1582 talia
854 1526 954 1594 texta,

154 1646 219 1687 una
242 1622 311 1688 dies
332 1623 425 1689 dabit
447 1622 555 1699 exitio,
578 1622 763 1707 multosque
784 1644 844 1709 per
865 1644 965 1686 annos

153 1735 338 1792 sustentata
358 1735 432 1792 ruet
455 1727 555 1792 moles
577 1736 612 1791 et
634 1727 785 1791 machina
807 1726 929 1790 mundi.

153 1853 212 1895 nec
235 1854 287 1896 me
309 1831 410 1895 animi
432 1831 516 1895 fallit
538 1853 636 1916 quam
658 1852 709 1894 res
731 1853 815 1895 nova
837 1830 983 1916 miraque
1005 1831 1110 1895 menti

153 1934 279 1999 accidat
302 1934 439 1999 exitium
461 1934 543 1999 caeli
565 1943 734 2020 terraeque
757 1935 915 2011 futurum,

154 2045 188 2100 et
211 2058 308 2121 quam
331 2036 516 2101 difficile-id
538 2037 620 2100 mihi
641 2036 686 2101 sit
707 2037 894 2123 pervincere
916 2035 1011 2100 dictis
1022 2058 1029 2115 ;

153 2147 193 2203 ut
214 2139 254 2203 fit
275 2139 334 2203 ubi
355 2139 519 2204 insolitam
541 2161 610 2203 rem
633 2139 783 2223 adportes
805 2139 938 2203 auribus
960 2148 1036 2203 ante

152 2263 212 2305 nec
235 2249 346 2305 tamen
368 2241 451 2306 hanc
473 2241 574 2327 possis
597 2241 761 2305 oculorum
784 2241 920 2305 subdere
942 2242 1013 2306 visu

152 2366 212 2408 nec
233 2344 336 2408 iacere
359 2344 438 2408 indu
460 2367 584 2421 manus,
607 2344 747 2429 viaque
768 2345 896 2408 munita
918 2344 995 2408 fidei

153 2449 300 2534 proxima
321 2449 384 2513 fert
407 2449 585 2513 humanum
607 2448 643 2511 in
665 2458 779 2533 pectus
801 2449 988 2534 templaque
1011 2449 1138 2514 mentis.

153 2553 212 2616 sed
233 2560 344 2616 tamen
367 2552 494 2618 effabor.
539 2552 636 2616 dictis
657 2552 749 2617 dabit
771 2553 842 2637 ipsa
864 2553 961 2617 fidem
983 2575 1035 2618 res

152 2656 286 2720 forsitan
309 2664 343 2720 et
364 2656 507 2741 graviter
528 2664 688 2720 terrarum
713 2656 855 2720 motibus
878 2656 958 2720 ortis

153 2759 262 2823 omnia
284 2759 487 2845 conquassari
509 2759 543 2822 in
565 2781 664 2845 parvo
687 2768 833 2845 tempore
856 2782 973 2824 cernes.

154 2863 240 2948 quod
262 2865 371 2948 procul
394 2886 414 2927 a
435 2863 527 2927 nobis
549 2862 660 2927 flectat
683 2863 812 2927 fortuna
834 2864 1027 2949 gubernans,

153 2977 188 3029 et
209 2966 291 3030 ratio
313 2966 423 3052 potius
445 2988 542 3051 quam
565 2987 615 3029 res
637 2965 830 3051 persuadeat
852 2966 924 3051 ipsa

154 3069 316 3133 succidere
338 3069 502 3134 horrisono
524 3091 615 3156 posse
638 3070 746 3134 omnia
768 3069 855 3134 victa
878 3071 1009 3156 fragore.

197 3172 285 3255 [Qua
306 3173 395 3258 prius
417 3172 586 3260 adgrediar
608 3196 706 3258 quam
728 3174 769 3237 de
792 3195 826 3237 re
849 3174 983 3238 fundere
1006 3175 1073 3239 fata
1209 3194 1269 3242 110

152 3273 296 3336 sanctius
318 3281 352 3337 et
374 3274 477 3338 multo
499 3281 588 3338 certa
609 3274 736 3338 ratione
758 3275 862 3360 magis
884 3297 981 3359 quam

156 3374 275 3460 Pythia
298 3398 380 3460 quae
403 3375 529 3461 tripode
551 3399 571 3440 a
594 3376 716 3440 Phoebi
738 3377 892 3461 lauroque
915 3377 1066 3461 profatur,

153 3479 258 3543 multa
280 3479 342 3544 tibi
365 3478 533 3565 expediam
557 3480 660 3544 doctis
682 3480 801 3544 solacia
823 3480 941 3557 dictis;

153 3582 308 3669 religione
331 3584 510 3648 refrenatus
532 3607 574 3649 ne
597 3585 679 3648 forte
701 3584 801 3649 rearis

154 3693 256 3750 terras
278 3695 312 3751 et
334 3686 433 3751 solem
456 3695 490 3751 et
512 3687 646 3763 caelum,
670 3710 758 3752 mare
781 3687 887 3752 sidera
909 3689 1029 3762 lunam,

153 3811 282 3875 corpore
304 3791 414 3855 divino
436 3791 553 3857 debere
576 3801 708 3858 aeterna
731 3817 869 3870 manere,

153 3901 387 3978 proptereaque
409 3903 505 3979 putes
526 3895 593 3959 ritu
616 3917 675 3980 par
697 3918 766 3960 esse
790 3895 969 3983 Gigantum

153 3994 293 4081 pendere
316 4018 369 4060 eos
391 4019 510 4083 poenas
532 3998 657 4062 inmani
679 4021 737 4083 pro
759 3999 877 4063 scelere
901 3999 1004 4063 omnis

154 4097 210 4183 qui
232 4097 356 4163 ratione
380 4121 439 4163 sua
461 4099 645 4165 disturbent
668 4102 795 4165 moenia
817 4101 931 4166 mundi

106 4294 172 4330 susc
183 4280 211 4330 ol
220 4280 297 4330 Lucr.
429 4283 476 4331 114
492 4283 624 4344 Relipione
636 4284 707 4334 Nicc.
719 4284 775 4336 Ver.
790 4284 853 4335 Van.
887 4286 1028 4347 Rellipicoe
1041 4285 1084 4334 ΑΒ
1096 4285 1124 4334 in
1132 4285 1186 4335 this
1196 4287 1270 4349 place

106 4361 140 4424 ly,
153 4361 222 4413 Flor.
237 4363 269 4411 31
281 4362 370 4413 (lamb.
382 4364 453 4414 Mon.
531 4365 578 4414 116
589 4380 688 4415 manere
699 4365 771 4417 Junt.
784 4366 825 4416 for
835 4381 924 4417 creare.
1000 4367 1047 4418 117
1056 4381 1105 4429 par
1117 4367 1183 4416 Mar.
1195 4367 1269 4419 Jnnt.
