<?xml version="1.0" encoding="UTF-8"?>
<!DOCTYPE html PUBLIC "-//W3C//DTD XHTML 1.0 Transitional//EN"
    "http://www.w3.org/TR/xhtml1/DTD/xhtml1-transitional.dtd">
<html xmlns="http://www.w3.org/1999/xhtml" xml:lang="en" lang="en">
 <head>
  <title>
</title>
<meta http-equiv="Content-Type" content="text/html;charset=utf-8" />
  <meta name='ocr-system' content='tesseract 3.04.00' />
  <meta name='ocr-capabilities' content='ocr_page ocr_carea ocr_par ocr_line ocrx_word'/>
</head>
<body>
  <div class='ocr_page' id='page_1' title='image "./tlucreticarider02duffgoog_0171.png"; bbox 0 0 2804 4786; ppageno 0'>
   <div class='ocr_carea' id='block_1_1' title="bbox 622 271 678 336">
    <p class='ocr_par' dir='ltr' id='par_1_1' title="bbox 622 271 678 336">
     <span class='ocr_line' id='line_1_1' title="bbox 622 271 678 336; baseline 0 0"><span class='ocrx_word' id='word_1_1' title='bbox 622 271 678 336; x_wconf 91' lang='lat'><strong>111</strong></span> 
     </span>
    </p>
   </div>
   <div class='ocr_carea' id='block_1_2' title="bbox 117 422 1402 3520">
    <p class='ocr_par' dir='ltr' id='par_1_2' title="bbox 117 422 1402 3520">
     <span class='ocr_line' id='line_1_2' title="bbox 117 422 1395 519; baseline 0.003 -25"><span class='ocrx_word' id='word_1_2' title='bbox 117 450 192 494; x_wconf 90' lang='lat' dir='ltr'><strong>cum</strong></span> <span class='ocrx_word' id='word_1_3' title='bbox 214 431 338 516; x_wconf 86' lang='lat' dir='ltr'><strong>pariter</strong></span> <span class='ocrx_word' id='word_1_4' title='bbox 359 455 452 498; x_wconf 90' lang='lat' dir='ltr'><strong>mens</strong></span> <span class='ocrx_word' id='word_1_5' title='bbox 473 442 508 498; x_wconf 88' lang='lat' dir='ltr'><strong>et</strong></span> <span class='ocrx_word' id='word_1_6' title='bbox 529 454 644 519; x_wconf 83' lang='lat' dir='ltr'><strong>eorpus</strong></span> <span class='ocrx_word' id='word_1_7' title='bbox 665 432 772 518; x_wconf 90' lang='lat' dir='ltr'><strong>sopita</strong></span> <span class='ocrx_word' id='word_1_8' title='bbox 793 432 985 518; x_wconf 84' lang='lat' dir='ltr'><strong>quiescunt3</strong></span> <span class='ocrx_word' id='word_1_9' title='bbox 1183 449 1247 516; x_wconf 86' lang='lat'><strong>920</strong></span> <span class='ocrx_word' id='word_1_10' title='bbox 1329 422 1395 511; x_wconf 66' lang='lat' dir='ltr'><strong>iq:</strong></span> 
     </span>
     <span class='ocr_line' id='line_1_3' title="bbox 117 532 1396 621; baseline -0.003 -23"><span class='ocrx_word' id='word_1_11' title='bbox 117 555 193 598; x_wconf 84' lang='lat' dir='ltr'><strong>nam</strong></span> <span class='ocrx_word' id='word_1_12' title='bbox 216 532 295 598; x_wconf 88' lang='lat' dir='ltr'><strong>licet</strong></span> <span class='ocrx_word' id='word_1_13' title='bbox 316 542 487 600; x_wconf 89' lang='lat' dir='ltr'><strong>aeternum</strong></span> <span class='ocrx_word' id='word_1_14' title='bbox 508 557 566 621; x_wconf 89' lang='lat' dir='ltr'><strong>per</strong></span> <span class='ocrx_word' id='word_1_15' title='bbox 587 557 646 599; x_wconf 92' lang='lat' dir='ltr'><strong>nos</strong></span> <span class='ocrx_word' id='word_1_16' title='bbox 667 535 713 599; x_wconf 91' lang='lat' dir='ltr'><strong>sic</strong></span> <span class='ocrx_word' id='word_1_17' title='bbox 735 556 804 599; x_wconf 88' lang='lat' dir='ltr'><strong>esse</strong></span> <span class='ocrx_word' id='word_1_18' title='bbox 827 555 983 619; x_wconf 88' lang='lat' dir='ltr'><strong>soporem,</strong></span> <span class='ocrx_word' id='word_1_19' title='bbox 1329 547 1396 594; x_wconf 68' lang='lat' dir='ltr'><strong>me</strong></span> 
     </span>
     <span class='ocr_line' id='line_1_4' title="bbox 118 624 1398 704; baseline -0.003 -2"><span class='ocrx_word' id='word_1_20' title='bbox 118 659 178 702; x_wconf 89' lang='lat' dir='ltr'><strong>nec</strong></span> <span class='ocrx_word' id='word_1_21' title='bbox 200 637 398 704; x_wconf 87' lang='lat' dir='ltr'><strong>desiderium</strong></span> <span class='ocrx_word' id='word_1_22' title='bbox 419 639 522 704; x_wconf 81' lang='lat' dir='ltr'>nostri</span> <span class='ocrx_word' id='word_1_23' title='bbox 542 661 601 704; x_wconf 92' lang='lat' dir='ltr'><strong>nos</strong></span> <span class='ocrx_word' id='word_1_24' title='bbox 623 624 734 704; x_wconf 78' lang='lat' dir='ltr'><strong>adficit</strong></span> <span class='ocrx_word' id='word_1_25' title='bbox 757 638 869 704; x_wconf 92' lang='lat' dir='ltr'><strong>ullum.</strong></span> <span class='ocrx_word' id='word_1_26' title='bbox 1300 650 1301 654; x_wconf 76' lang='grc'>’</span> <span class='ocrx_word' id='word_1_27' title='bbox 1330 632 1398 698; x_wconf 69' lang='lat' dir='ltr'><strong>no·-</strong></span> 
     </span>
     <span class='ocr_line' id='line_1_5' title="bbox 118 742 1383 829; baseline 0.002 -23"><span class='ocrx_word' id='word_1_28' title='bbox 118 748 154 806; x_wconf 92' lang='lat' dir='ltr'><strong>et</strong></span> <span class='ocrx_word' id='word_1_29' title='bbox 176 749 289 807; x_wconf 84' lang='lat' dir='ltr'><strong>tamen</strong></span> <span class='ocrx_word' id='word_1_30' title='bbox 311 742 562 829; x_wconf 78' lang='lat' dir='ltr'><strong>haudquaquam</strong></span> <span class='ocrx_word' id='word_1_31' title='bbox 585 750 709 807; x_wconf 88' lang='lat' dir='ltr'><strong>nostros</strong></span> <span class='ocrx_word' id='word_1_32' title='bbox 731 750 810 807; x_wconf 91' lang='lat' dir='ltr'><strong>tunc</strong></span> <span class='ocrx_word' id='word_1_33' title='bbox 831 742 888 806; x_wconf 91' lang='lat' dir='ltr'><strong>illa</strong></span> <span class='ocrx_word' id='word_1_34' title='bbox 909 763 969 827; x_wconf 92' lang='lat' dir='ltr'><strong>per</strong></span> <span class='ocrx_word' id='word_1_35' title='bbox 990 749 1085 806; x_wconf 86' lang='lat' dir='ltr'><strong>artus</strong></span> <span class='ocrx_word' id='word_1_36' title='bbox 1331 761 1383 808; x_wconf 80' lang='lat' dir='ltr'><strong>r</strong></span> 
     </span>
     <span class='ocr_line' id='line_1_6' title="bbox 119 843 1392 932; baseline 0.004 -25"><span class='ocrx_word' id='word_1_37' title='bbox 119 843 214 929; x_wconf 89' lang='lat' dir='ltr'><strong>longe</strong></span> <span class='ocrx_word' id='word_1_38' title='bbox 236 845 279 910; x_wconf 86' lang='lat' dir='ltr'><strong>ab</strong></span> <span class='ocrx_word' id='word_1_39' title='bbox 301 846 463 911; x_wconf 74' lang='lat' dir='ltr'>sensiferis</span> <span class='ocrx_word' id='word_1_40' title='bbox 484 845 660 932; x_wconf 90' lang='lat' dir='ltr'><strong>primordia</strong></span> <span class='ocrx_word' id='word_1_41' title='bbox 680 845 825 910; x_wconf 90' lang='lat' dir='ltr'><strong>motibus</strong></span> <span class='ocrx_word' id='word_1_42' title='bbox 848 852 969 922; x_wconf 86' lang='lat' dir='ltr'><strong>errant,</strong></span> <span class='ocrx_word' id='word_1_43' title='bbox 1332 850 1392 912; x_wconf 58' lang='lat' dir='ltr'><strong>zm&gt;</strong></span> 
     </span>
     <span class='ocr_line' id='line_1_7' title="bbox 120 946 1396 1034; baseline 0.001 -23"><span class='ocrx_word' id='word_1_44' title='bbox 120 968 195 1011; x_wconf 93' lang='lat' dir='ltr'><strong>cum</strong></span> <span class='ocrx_word' id='word_1_45' title='bbox 218 957 385 1034; x_wconf 87' lang='lat' dir='ltr'><strong>correptus</strong></span> <span class='ocrx_word' id='word_1_46' title='bbox 407 949 502 1013; x_wconf 94' lang='lat' dir='ltr'><strong>homo</strong></span> <span class='ocrx_word' id='word_1_47' title='bbox 525 970 565 1013; x_wconf 89' lang='lat' dir='ltr'><strong>ex</strong></span> <span class='ocrx_word' id='word_1_48' title='bbox 587 970 698 1012; x_wconf 89' lang='lat' dir='ltr'><strong>somno</strong></span> <span class='ocrx_word' id='word_1_49' title='bbox 720 970 754 1013; x_wconf 90' lang='lat' dir='ltr'><strong>se</strong></span> <span class='ocrx_word' id='word_1_50' title='bbox 776 947 902 1034; x_wconf 79' lang='lat' dir='ltr'>colligit</span> <span class='ocrx_word' id='word_1_51' title='bbox 923 946 1001 1032; x_wconf 85' lang='lat' dir='ltr'><strong>ipse</strong></span> <span class='ocrx_word' id='word_1_52' title='bbox 1184 962 1246 1030; x_wconf 84' lang='lat'><strong>925</strong></span> <span class='ocrx_word' id='word_1_53' title='bbox 1337 950 1396 1021; x_wconf 60' lang='lat' dir='ltr'><strong>aut</strong></span> 
     </span>
     <span class='ocr_line' id='line_1_8' title="bbox 120 1049 1386 1146; baseline 0.004 -32"><span class='ocrx_word' id='word_1_54' title='bbox 120 1051 226 1115; x_wconf 91' lang='lat' dir='ltr'><strong>multo</strong></span> <span class='ocrx_word' id='word_1_55' title='bbox 248 1051 352 1138; x_wconf 87' lang='lat' dir='ltr'><strong>igitur</strong></span> <span class='ocrx_word' id='word_1_56' title='bbox 373 1060 510 1117; x_wconf 89' lang='lat' dir='ltr'><strong>mortem</strong></span> <span class='ocrx_word' id='word_1_57' title='bbox 532 1051 703 1117; x_wconf 90' lang='lat' dir='ltr'><strong>minusad</strong></span> <span class='ocrx_word' id='word_1_58' title='bbox 725 1074 783 1116; x_wconf 90' lang='lat' dir='ltr'><strong>nos</strong></span> <span class='ocrx_word' id='word_1_59' title='bbox 805 1074 873 1117; x_wconf 89' lang='lat' dir='ltr'><strong>esse</strong></span> <span class='ocrx_word' id='word_1_60' title='bbox 895 1049 1126 1136; x_wconf 76' lang='lat' dir='ltr'><strong>putandumst,</strong></span> <span class='ocrx_word' id='word_1_61' title='bbox 1288 1132 1292 1137; x_wconf 92' lang='lat'>.</span> <span class='ocrx_word' id='word_1_62' title='bbox 1337 1074 1386 1146; x_wconf 66' lang='lat' dir='ltr'><strong>np-</strong></span> 
     </span>
     <span class='ocr_line' id='line_1_9' title="bbox 120 1153 1379 1245; baseline 0 -27"><span class='ocrx_word' id='word_1_63' title='bbox 120 1153 149 1218; x_wconf 88' lang='lat' dir='ltr'><strong>si</strong></span> <span class='ocrx_word' id='word_1_64' title='bbox 172 1154 281 1220; x_wconf 91' lang='lat' dir='ltr'><strong>minus</strong></span> <span class='ocrx_word' id='word_1_65' title='bbox 303 1177 372 1220; x_wconf 89' lang='lat' dir='ltr'><strong>esse</strong></span> <span class='ocrx_word' id='word_1_66' title='bbox 395 1164 503 1241; x_wconf 88' lang='lat' dir='ltr'><strong>potest</strong></span> <span class='ocrx_word' id='word_1_67' title='bbox 526 1176 624 1241; x_wconf 89' lang='lat' dir='ltr'><strong>quam</strong></span> <span class='ocrx_word' id='word_1_68' title='bbox 646 1155 733 1241; x_wconf 90' lang='lat' dir='ltr'><strong>quod</strong></span> <span class='ocrx_word' id='word_1_69' title='bbox 754 1155 802 1219; x_wconf 94' lang='lat' dir='ltr'><strong>nil</strong></span> <span class='ocrx_word' id='word_1_70' title='bbox 824 1177 894 1220; x_wconf 88' lang='lat' dir='ltr'><strong>esse</strong></span> <span class='ocrx_word' id='word_1_71' title='bbox 915 1154 1087 1234; x_wconf 83' lang='lat' dir='ltr'><strong>videmus3</strong></span> <span class='ocrx_word' id='word_1_72' title='bbox 1336 1159 1379 1245; x_wconf 53' lang='lat' dir='ltr'><strong>rr,</strong></span> 
     </span>
     <span class='ocr_line' id='line_1_10' title="bbox 121 1257 1398 1346; baseline 0.002 -25"><span class='ocrx_word' id='word_1_73' title='bbox 121 1257 225 1322; x_wconf 86' lang='lat' dir='ltr'><strong>maior</strong></span> <span class='ocrx_word' id='word_1_74' title='bbox 247 1259 335 1324; x_wconf 91' lang='lat' dir='ltr'><strong>enim</strong></span> <span class='ocrx_word' id='word_1_75' title='bbox 358 1259 474 1324; x_wconf 77' lang='lat' dir='ltr'><strong>turbae</strong></span> <span class='ocrx_word' id='word_1_76' title='bbox 496 1258 651 1324; x_wconf 89' lang='lat' dir='ltr'><strong>disiectus</strong></span> <span class='ocrx_word' id='word_1_77' title='bbox 672 1259 821 1324; x_wconf 89' lang='lat' dir='ltr'><strong>materiai</strong></span> <span class='ocrx_word' id='word_1_78' title='bbox 1026 1277 1030 1281; x_wconf 88' lang='grc'><em>·</em></span> <span class='ocrx_word' id='word_1_79' title='bbox 1337 1273 1398 1346; x_wconf 58' lang='lat' dir='ltr'><strong>{ea</strong></span> 
     </span>
     <span class='ocr_line' id='line_1_11' title="bbox 121 1361 1396 1449; baseline 0.001 -25"><span class='ocrx_word' id='word_1_80' title='bbox 121 1362 331 1447; x_wconf 75' lang='lat' dir='ltr'><strong>consequitur</strong></span> <span class='ocrx_word' id='word_1_81' title='bbox 352 1361 418 1427; x_wconf 90' lang='lat' dir='ltr'><strong>leto</strong></span> <span class='ocrx_word' id='word_1_82' title='bbox 440 1384 500 1427; x_wconf 92' lang='lat' dir='ltr'><strong>nec</strong></span> <span class='ocrx_word' id='word_1_83' title='bbox 521 1361 691 1448; x_wconf 87' lang='lat' dir='ltr'><strong>quisquam</strong></span> <span class='ocrx_word' id='word_1_84' title='bbox 714 1362 900 1449; x_wconf 83' lang='lat' dir='ltr'><strong>expergitus</strong></span> <span class='ocrx_word' id='word_1_85' title='bbox 922 1369 1041 1439; x_wconf 86' lang='lat' dir='ltr'><strong>exstat,</strong></span> <span class='ocrx_word' id='word_1_86' title='bbox 1338 1388 1396 1444; x_wconf 56' lang='lat' dir='ltr'><strong>a,</strong></span> 
     </span>
     <span class='ocr_line' id='line_1_12' title="bbox 122 1462 1402 1553; baseline 0.004 -27"><span class='ocrx_word' id='word_1_87' title='bbox 122 1462 242 1550; x_wconf 87' lang='lat' dir='ltr'><strong>frigida</strong></span> <span class='ocrx_word' id='word_1_88' title='bbox 264 1487 361 1550; x_wconf 91' lang='lat' dir='ltr'><strong>quem</strong></span> <span class='ocrx_word' id='word_1_89' title='bbox 383 1465 482 1530; x_wconf 90' lang='lat' dir='ltr'><strong>semel</strong></span> <span class='ocrx_word' id='word_1_90' title='bbox 505 1472 554 1529; x_wconf 88' lang='lat' dir='ltr'><strong>est</strong></span> <span class='ocrx_word' id='word_1_91' title='bbox 577 1465 660 1529; x_wconf 85' lang='lat' dir='ltr'><strong>vitai</strong></span> <span class='ocrx_word' id='word_1_92' title='bbox 680 1487 782 1550; x_wconf 85' lang='lat' dir='ltr'><strong>pausa</strong></span> <span class='ocrx_word' id='word_1_93' title='bbox 803 1473 922 1530; x_wconf 84' lang='lat' dir='ltr'><strong>secuta</strong></span> <span class='ocrx_word' id='word_1_94' title='bbox 1186 1483 1251 1548; x_wconf 88' lang='lat'><strong>930</strong></span> <span class='ocrx_word' id='word_1_95' title='bbox 1340 1494 1363 1553; x_wconf 65' lang='lat' dir='ltr'><strong>gs</strong></span> <span class='ocrx_word' id='word_1_96' title='bbox 1385 1530 1402 1543; x_wconf 74' lang='grc'><strong><em>,</em></strong></span> 
     </span>
     <span class='ocr_line' id='line_1_13' title="bbox 167 1566 1402 1653; baseline -0.001 -21"><span class='ocrx_word' id='word_1_97' title='bbox 167 1566 317 1653; x_wconf 88' lang='lat' dir='ltr'><strong>Denique</strong></span> <span class='ocrx_word' id='word_1_98' title='bbox 340 1568 368 1633; x_wconf 94' lang='lat' dir='ltr'><strong>si</strong></span> <span class='ocrx_word' id='word_1_99' title='bbox 390 1590 501 1633; x_wconf 88' lang='lat' dir='ltr'><strong>vocem</strong></span> <span class='ocrx_word' id='word_1_100' title='bbox 522 1590 630 1632; x_wconf 90' lang='lat' dir='ltr'><strong>rerum</strong></span> <span class='ocrx_word' id='word_1_101' title='bbox 651 1576 769 1632; x_wconf 85' lang='lat' dir='ltr'><strong>natura</strong></span> <span class='ocrx_word' id='word_1_102' title='bbox 791 1575 925 1653; x_wconf 91' lang='lat' dir='ltr'><strong>repente</strong></span> <span class='ocrx_word' id='word_1_103' title='bbox 1343 1591 1402 1643; x_wconf 53' lang='grc' dir='ltr'><strong>η’,</strong></span> 
     </span>
     <span class='ocr_line' id='line_1_14' title="bbox 124 1669 1368 1757; baseline -0.002 -21"><span class='ocrx_word' id='word_1_104' title='bbox 124 1669 239 1736; x_wconf 83' lang='lat' dir='ltr'><strong>mittut</strong></span> <span class='ocrx_word' id='word_1_105' title='bbox 261 1680 296 1736; x_wconf 88' lang='lat' dir='ltr'><strong>et</strong></span> <span class='ocrx_word' id='word_1_106' title='bbox 318 1672 378 1736; x_wconf 90' lang='lat' dir='ltr'><strong>hoo</strong></span> <span class='ocrx_word' id='word_1_107' title='bbox 399 1671 497 1736; x_wconf 86' lang='lat' dir='ltr'><strong>alicui</strong></span> <span class='ocrx_word' id='word_1_108' title='bbox 519 1679 666 1736; x_wconf 91' lang='lat' dir='ltr'><strong>nostrum</strong></span> <span class='ocrx_word' id='word_1_109' title='bbox 688 1671 734 1736; x_wconf 90' lang='lat' dir='ltr'><strong>sic</strong></span> <span class='ocrx_word' id='word_1_110' title='bbox 754 1671 901 1757; x_wconf 89' lang='lat' dir='ltr'><strong>increpet</strong></span> <span class='ocrx_word' id='word_1_111' title='bbox 921 1670 994 1756; x_wconf 86' lang='lat' dir='ltr'><strong>ipsa</strong></span> <span class='ocrx_word' id='word_1_112' title='bbox 1341 1701 1368 1754; x_wconf 56' lang='lat' dir='ltr'><strong>q</strong></span> 
     </span>
     <span class='ocr_line' id='line_1_15' title="bbox 124 1764 1355 1861; baseline 0 -24"><span class='ocrx_word' id='word_1_113' title='bbox 124 1772 222 1858; x_wconf 89' lang='lat' dir='ltr'><strong>‘quid</strong></span> <span class='ocrx_word' id='word_1_114' title='bbox 244 1774 307 1838; x_wconf 83' lang='lat' dir='ltr'><strong>tibi</strong></span> <span class='ocrx_word' id='word_1_115' title='bbox 329 1783 422 1840; x_wconf 87' lang='lat' dir='ltr'><strong>tanto</strong></span> <span class='ocrx_word' id='word_1_116' title='bbox 444 1783 581 1860; x_wconf 87' lang='lat' dir='ltr'><strong>operest,</strong></span> <span class='ocrx_word' id='word_1_117' title='bbox 603 1774 757 1852; x_wconf 87' lang='lat' dir='ltr'><strong>mortalis,</strong></span> <span class='ocrx_word' id='word_1_118' title='bbox 781 1773 867 1860; x_wconf 93' lang='lat' dir='ltr'><strong>quod</strong></span> <span class='ocrx_word' id='word_1_119' title='bbox 889 1772 988 1838; x_wconf 87' lang='lat' dir='ltr'><strong>nimis</strong></span> <span class='ocrx_word' id='word_1_120' title='bbox 1010 1773 1120 1861; x_wconf 82' lang='lat' dir='ltr'><strong>aegris</strong></span> <span class='ocrx_word' id='word_1_121' title='bbox 1352 1764 1355 1769; x_wconf 55' lang='grc'>’</span> 
     </span>
     <span class='ocr_line' id='line_1_16' title="bbox 125 1874 1082 1964; baseline 0.001 -25"><span class='ocrx_word' id='word_1_122' title='bbox 125 1874 269 1942; x_wconf 87' lang='lat' dir='ltr'><strong>luctibus</strong></span> <span class='ocrx_word' id='word_1_123' title='bbox 291 1877 463 1964; x_wconf 75' lang='lat' dir='ltr'><strong>indulges?</strong></span> <span class='ocrx_word' id='word_1_124' title='bbox 493 1877 571 1964; x_wconf 91' lang='lat' dir='ltr'><strong>quid</strong></span> <span class='ocrx_word' id='word_1_125' title='bbox 595 1886 733 1942; x_wconf 90' lang='lat' dir='ltr'><strong>mortem</strong></span> <span class='ocrx_word' id='word_1_126' title='bbox 755 1876 918 1964; x_wconf 81' lang='lat' dir='ltr'><strong>congemis</strong></span> <span class='ocrx_word' id='word_1_127' title='bbox 939 1898 977 1941; x_wconf 87' lang='lat' dir='ltr'><strong>ac</strong></span> <span class='ocrx_word' id='word_1_128' title='bbox 999 1875 1082 1941; x_wconf 72' lang='lat' dir='ltr'><strong>fles?</strong></span> 
     </span>
     <span class='ocr_line' id='line_1_17' title="bbox 125 1981 1388 2068; baseline 0.001 -25"><span class='ocrx_word' id='word_1_129' title='bbox 125 2000 201 2045; x_wconf 83' lang='lat' dir='ltr'><strong>nam</strong></span> <span class='ocrx_word' id='word_1_130' title='bbox 223 1981 327 2068; x_wconf 81' lang='lat' dir='ltr'><strong>gratis</strong></span> <span class='ocrx_word' id='word_1_131' title='bbox 349 1990 499 2047; x_wconf 87' lang='lat' dir='ltr'><strong>anteacta</strong></span> <span class='ocrx_word' id='word_1_132' title='bbox 521 1981 585 2046; x_wconf 86' lang='lat' dir='ltr'><strong>fuit</strong></span> <span class='ocrx_word' id='word_1_133' title='bbox 607 1981 670 2046; x_wconf 91' lang='lat' dir='ltr'><strong>tibi</strong></span> <span class='ocrx_word' id='word_1_134' title='bbox 691 1982 760 2046; x_wconf 88' lang='lat' dir='ltr'><strong>vita</strong></span> <span class='ocrx_word' id='word_1_135' title='bbox 780 1981 931 2067; x_wconf 90' lang='lat' dir='ltr'><strong>priorque</strong></span> <span class='ocrx_word' id='word_1_136' title='bbox 1187 1995 1247 2065; x_wconf 80' lang='lat'><strong>935</strong></span> <span class='ocrx_word' id='word_1_137' title='bbox 1344 2020 1360 2051; x_wconf 52' lang='lat' dir='ltr'><strong>a,</strong></span> <span class='ocrx_word' id='word_1_138' title='bbox 1372 2037 1388 2068; x_wconf 51' lang='lat' dir='ltr'><strong>g</strong></span> 
     </span>
     <span class='ocr_line' id='line_1_18' title="bbox 126 2080 1367 2172; baseline 0 -24"><span class='ocrx_word' id='word_1_139' title='bbox 126 2091 161 2148; x_wconf 88' lang='lat' dir='ltr'><strong>et</strong></span> <span class='ocrx_word' id='word_1_140' title='bbox 183 2107 249 2149; x_wconf 89' lang='lat' dir='ltr'><strong>non</strong></span> <span class='ocrx_word' id='word_1_141' title='bbox 271 2085 381 2150; x_wconf 90' lang='lat' dir='ltr'><strong>omnia</strong></span> <span class='ocrx_word' id='word_1_142' title='bbox 401 2094 572 2172; x_wconf 88' lang='lat' dir='ltr'><strong>pertusum</strong></span> <span class='ocrx_word' id='word_1_143' title='bbox 594 2092 746 2172; x_wconf 88' lang='lat' dir='ltr'><strong>congesta</strong></span> <span class='ocrx_word' id='word_1_144' title='bbox 768 2083 861 2169; x_wconf 91' lang='lat' dir='ltr'><strong>quasi</strong></span> <span class='ocrx_word' id='word_1_145' title='bbox 882 2083 919 2147; x_wconf 92' lang='lat' dir='ltr'><strong>in</strong></span> <span class='ocrx_word' id='word_1_146' title='bbox 940 2105 998 2148; x_wconf 87' lang='lat' dir='ltr'><strong>vas</strong></span> <span class='ocrx_word' id='word_1_147' title='bbox 1363 2080 1367 2090; x_wconf 61' lang='lat'><em>⁴</em></span> 
     </span>
     <span class='ocr_line' id='line_1_19' title="bbox 127 2185 963 2274; baseline -0.001 -23"><span class='ocrx_word' id='word_1_148' title='bbox 127 2187 296 2252; x_wconf 89' lang='lat' dir='ltr'><strong>commoda</strong></span> <span class='ocrx_word' id='word_1_149' title='bbox 317 2188 497 2273; x_wconf 85' lang='lat' dir='ltr'><strong>perfluxere</strong></span> <span class='ocrx_word' id='word_1_150' title='bbox 519 2195 619 2274; x_wconf 81' lang='lat' dir='ltr'><strong>atque</strong></span> <span class='ocrx_word' id='word_1_151' title='bbox 641 2188 771 2274; x_wconf 86' lang='lat' dir='ltr'><strong>ingrata</strong></span> <span class='ocrx_word' id='word_1_152' title='bbox 791 2185 963 2251; x_wconf 90' lang='lat' dir='ltr'><strong>interiere:</strong></span> 
     </span>
     <span class='ocr_line' id='line_1_20' title="bbox 128 2287 878 2376; baseline -0.001 -22"><span class='ocrx_word' id='word_1_153' title='bbox 128 2311 186 2355; x_wconf 89' lang='lat' dir='ltr'><strong>cur</strong></span> <span class='ocrx_word' id='word_1_154' title='bbox 206 2312 270 2355; x_wconf 91' lang='lat' dir='ltr'><strong>non</strong></span> <span class='ocrx_word' id='word_1_155' title='bbox 295 2298 333 2354; x_wconf 92' lang='lat' dir='ltr'><strong>ut</strong></span> <span class='ocrx_word' id='word_1_156' title='bbox 354 2290 471 2376; x_wconf 90' lang='lat' dir='ltr'><strong>plenus</strong></span> <span class='ocrx_word' id='word_1_157' title='bbox 490 2290 578 2355; x_wconf 88' lang='lat' dir='ltr'><strong>vitae</strong></span> <span class='ocrx_word' id='word_1_158' title='bbox 600 2290 735 2355; x_wconf 88' lang='lat' dir='ltr'><strong>conviva</strong></span> <span class='ocrx_word' id='word_1_159' title='bbox 755 2287 878 2354; x_wconf 79' lang='lat' dir='ltr'><strong>recedis</strong></span> 
     </span>
     <span class='ocr_line' id='line_1_21' title="bbox 128 2391 1400 2486; baseline -0.002 -28"><span class='ocrx_word' id='word_1_160' title='bbox 128 2414 232 2480; x_wconf 83' lang='lat' dir='ltr'><strong>aequo</strong></span> <span class='ocrx_word' id='word_1_161' title='bbox 254 2393 427 2479; x_wconf 85' lang='lat' dir='ltr'><strong>animoque</strong></span> <span class='ocrx_word' id='word_1_162' title='bbox 450 2393 538 2479; x_wconf 85' lang='lat' dir='ltr'><strong>capis</strong></span> <span class='ocrx_word' id='word_1_163' title='bbox 560 2416 715 2470; x_wconf 88' lang='lat' dir='ltr'><strong>securam,</strong></span> <span class='ocrx_word' id='word_1_164' title='bbox 737 2393 846 2469; x_wconf 88' lang='lat' dir='ltr'><strong>stulte,</strong></span> <span class='ocrx_word' id='word_1_165' title='bbox 869 2391 1039 2477; x_wconf 74' lang='lat' dir='ltr'><strong>quietem?</strong></span> <span class='ocrx_word' id='word_1_166' title='bbox 1349 2437 1400 2486; x_wconf 48' lang='lat' dir='ltr'><strong>g:</strong></span> 
     </span>
     <span class='ocr_line' id='line_1_22' title="bbox 130 2494 1388 2592; baseline 0 -29"><span class='ocrx_word' id='word_1_167' title='bbox 130 2497 179 2563; x_wconf 88' lang='lat' dir='ltr'><strong>sin</strong></span> <span class='ocrx_word' id='word_1_168' title='bbox 203 2519 348 2584; x_wconf 86' lang='lat' dir='ltr'><strong>eaquae</strong></span> <span class='ocrx_word' id='word_1_169' title='bbox 370 2498 495 2562; x_wconf 84' lang='lat' dir='ltr'><strong>fructus</strong></span> <span class='ocrx_word' id='word_1_170' title='bbox 517 2520 656 2584; x_wconf 90' lang='lat' dir='ltr'><strong>cumque</strong></span> <span class='ocrx_word' id='word_1_171' title='bbox 679 2519 714 2562; x_wconf 90' lang='lat' dir='ltr'><strong>es</strong></span> <span class='ocrx_word' id='word_1_172' title='bbox 733 2495 858 2582; x_wconf 90' lang='lat' dir='ltr'><strong>periere</strong></span> <span class='ocrx_word' id='word_1_173' title='bbox 880 2494 1012 2581; x_wconf 82' lang='lat' dir='ltr'><strong>profusa</strong></span> <span class='ocrx_word' id='word_1_174' title='bbox 1190 2515 1256 2581; x_wconf 89' lang='lat'><strong>940</strong></span> <span class='ocrx_word' id='word_1_175' title='bbox 1350 2525 1388 2592; x_wconf 35' lang='lat' dir='ltr'><strong>q...</strong></span> 
     </span>
     <span class='ocr_line' id='line_1_23' title="bbox 129 2598 1046 2688; baseline -0.003 -22"><span class='ocrx_word' id='word_1_176' title='bbox 129 2603 262 2688; x_wconf 84' lang='lat' dir='ltr'><strong>vitaque</strong></span> <span class='ocrx_word' id='word_1_177' title='bbox 284 2602 319 2665; x_wconf 93' lang='lat' dir='ltr'><strong>in</strong></span> <span class='ocrx_word' id='word_1_178' title='bbox 342 2602 507 2679; x_wconf 88' lang='lat' dir='ltr'><strong>offensust,</strong></span> <span class='ocrx_word' id='word_1_179' title='bbox 529 2624 587 2667; x_wconf 91' lang='lat' dir='ltr'><strong>cur</strong></span> <span class='ocrx_word' id='word_1_180' title='bbox 608 2601 748 2688; x_wconf 86' lang='lat' dir='ltr'><strong>amplius</strong></span> <span class='ocrx_word' id='word_1_181' title='bbox 768 2599 885 2665; x_wconf 88' lang='lat' dir='ltr'><strong>addere</strong></span> <span class='ocrx_word' id='word_1_182' title='bbox 908 2598 1046 2685; x_wconf 88' lang='lat' dir='ltr'><strong>quaeris,</strong></span> 
     </span>
     <span class='ocr_line' id='line_1_24' title="bbox 130 2702 1131 2791; baseline 0 -21"><span class='ocrx_word' id='word_1_183' title='bbox 130 2727 259 2770; x_wconf 88' lang='lat' dir='ltr'><strong>rursum</strong></span> <span class='ocrx_word' id='word_1_184' title='bbox 282 2704 368 2790; x_wconf 93' lang='lat' dir='ltr'><strong>quod</strong></span> <span class='ocrx_word' id='word_1_185' title='bbox 390 2713 502 2790; x_wconf 87' lang='lat' dir='ltr'><strong>pereat</strong></span> <span class='ocrx_word' id='word_1_186' title='bbox 524 2705 609 2771; x_wconf 85' lang='lat' dir='ltr'><strong>male</strong></span> <span class='ocrx_word' id='word_1_187' title='bbox 631 2713 666 2770; x_wconf 92' lang='lat' dir='ltr'><strong>et</strong></span> <span class='ocrx_word' id='word_1_188' title='bbox 688 2705 854 2791; x_wconf 89' lang='lat' dir='ltr'><strong>ingratum</strong></span> <span class='ocrx_word' id='word_1_189' title='bbox 876 2702 1002 2768; x_wconf 86' lang='lat' dir='ltr'><strong>occidat</strong></span> <span class='ocrx_word' id='word_1_190' title='bbox 1024 2725 1131 2782; x_wconf 91' lang='lat' dir='ltr'><strong>omne,</strong></span> 
     </span>
     <span class='ocr_line' id='line_1_25' title="bbox 131 2806 943 2895; baseline -0.004 -21"><span class='ocrx_word' id='word_1_191' title='bbox 131 2831 197 2874; x_wconf 91' lang='lat' dir='ltr'><strong>non</strong></span> <span class='ocrx_word' id='word_1_192' title='bbox 219 2807 328 2895; x_wconf 89' lang='lat' dir='ltr'><strong>potius</strong></span> <span class='ocrx_word' id='word_1_193' title='bbox 350 2806 437 2872; x_wconf 88' lang='lat' dir='ltr'><strong>vitae</strong></span> <span class='ocrx_word' id='word_1_194' title='bbox 459 2807 558 2873; x_wconf 90' lang='lat' dir='ltr'><strong>finem</strong></span> <span class='ocrx_word' id='word_1_195' title='bbox 581 2809 658 2873; x_wconf 85' lang='lat' dir='ltr'><strong>facis</strong></span> <span class='ocrx_word' id='word_1_196' title='bbox 681 2816 781 2894; x_wconf 85' lang='lat' dir='ltr'><strong>atque</strong></span> <span class='ocrx_word' id='word_1_197' title='bbox 802 2806 943 2871; x_wconf 77' lang='lat' dir='ltr'><strong>laboris?</strong></span> 
     </span>
     <span class='ocr_line' id='line_1_26' title="bbox 133 2909 1040 2998; baseline -0.003 -21"><span class='ocrx_word' id='word_1_198' title='bbox 133 2935 209 2977; x_wconf 85' lang='lat' dir='ltr'><strong>nam</strong></span> <span class='ocrx_word' id='word_1_199' title='bbox 232 2911 295 2976; x_wconf 89' lang='lat' dir='ltr'><strong>tibi</strong></span> <span class='ocrx_word' id='word_1_200' title='bbox 316 2919 485 2996; x_wconf 88' lang='lat' dir='ltr'><strong>praeterea</strong></span> <span class='ocrx_word' id='word_1_201' title='bbox 506 2911 593 2998; x_wconf 94' lang='lat' dir='ltr'><strong>quod</strong></span> <span class='ocrx_word' id='word_1_202' title='bbox 616 2911 781 2977; x_wconf 89' lang='lat' dir='ltr'><strong>machiner</strong></span> <span class='ocrx_word' id='word_1_203' title='bbox 802 2909 1040 2996; x_wconf 88' lang='lat' dir='ltr'><strong>inveniamque,</strong></span> 
     </span>
     <span class='ocr_line' id='line_1_27' title="bbox 134 3013 1250 3103; baseline -0.003 -22"><span class='ocrx_word' id='word_1_204' title='bbox 134 3015 220 3103; x_wconf 94' lang='lat' dir='ltr'><strong>quod</strong></span> <span class='ocrx_word' id='word_1_205' title='bbox 242 3015 377 3101; x_wconf 85' lang='lat' dir='ltr'><strong>placeat,</strong></span> <span class='ocrx_word' id='word_1_206' title='bbox 401 3014 447 3078; x_wconf 92' lang='lat' dir='ltr'><strong>nil</strong></span> <span class='ocrx_word' id='word_1_207' title='bbox 470 3023 537 3080; x_wconf 87' lang='lat' dir='ltr'><strong>est:</strong></span> <span class='ocrx_word' id='word_1_208' title='bbox 568 3014 682 3080; x_wconf 86' lang='lat' dir='ltr'><strong>eadem</strong></span> <span class='ocrx_word' id='word_1_209' title='bbox 704 3022 781 3080; x_wconf 91' lang='lat' dir='ltr'><strong>sunt</strong></span> <span class='ocrx_word' id='word_1_210' title='bbox 803 3013 911 3078; x_wconf 90' lang='lat' dir='ltr'><strong>omnia</strong></span> <span class='ocrx_word' id='word_1_211' title='bbox 933 3035 1067 3099; x_wconf 89' lang='lat' dir='ltr'><strong>semper.</strong></span> <span class='ocrx_word' id='word_1_212' title='bbox 1189 3027 1250 3098; x_wconf 81' lang='grc'>945</span> 
     </span>
     <span class='ocr_line' id='line_1_28' title="bbox 134 3115 1336 3205; baseline -0.004 -19"><span class='ocrx_word' id='word_1_213' title='bbox 134 3120 161 3186; x_wconf 91' lang='lat' dir='ltr'><strong>si</strong></span> <span class='ocrx_word' id='word_1_214' title='bbox 185 3120 247 3186; x_wconf 91' lang='lat' dir='ltr'><strong>tibi</strong></span> <span class='ocrx_word' id='word_1_215' title='bbox 269 3141 334 3184; x_wconf 91' lang='lat' dir='ltr'><strong>non</strong></span> <span class='ocrx_word' id='word_1_216' title='bbox 355 3117 449 3183; x_wconf 88' lang='lat' dir='ltr'><strong>annis</strong></span> <span class='ocrx_word' id='word_1_217' title='bbox 470 3141 585 3205; x_wconf 91' lang='lat' dir='ltr'><strong>corpus</strong></span> <span class='ocrx_word' id='word_1_218' title='bbox 607 3120 673 3185; x_wconf 85' lang='lat' dir='ltr'><strong>iam</strong></span> <span class='ocrx_word' id='word_1_219' title='bbox 695 3125 818 3183; x_wconf 88' lang='lat' dir='ltr'><strong>marcet</strong></span> <span class='ocrx_word' id='word_1_220' title='bbox 839 3125 874 3183; x_wconf 91' lang='lat' dir='ltr'><strong>et</strong></span> <span class='ocrx_word' id='word_1_221' title='bbox 895 3125 988 3183; x_wconf 87' lang='lat' dir='ltr'><strong>artus</strong></span> <span class='ocrx_word' id='word_1_222' title='bbox 1332 3115 1336 3122; x_wconf 79' lang='grc'><strong>’</strong></span> 
     </span>
     <span class='ocr_line' id='line_1_29' title="bbox 134 3221 1014 3309; baseline -0.008 -18"><span class='ocrx_word' id='word_1_223' title='bbox 134 3224 272 3291; x_wconf 85' lang='lat' dir='ltr'><strong>confecti</strong></span> <span class='ocrx_word' id='word_1_224' title='bbox 293 3223 459 3309; x_wconf 89' lang='lat' dir='ltr'><strong>languent,</strong></span> <span class='ocrx_word' id='word_1_225' title='bbox 482 3222 596 3288; x_wconf 87' lang='lat' dir='ltr'><strong>eadem</strong></span> <span class='ocrx_word' id='word_1_226' title='bbox 618 3230 728 3287; x_wconf 85' lang='lat' dir='ltr'><strong>tamen</strong></span> <span class='ocrx_word' id='word_1_227' title='bbox 751 3221 859 3286; x_wconf 90' lang='lat' dir='ltr'><strong>omnia</strong></span> <span class='ocrx_word' id='word_1_228' title='bbox 880 3228 1014 3298; x_wconf 89' lang='lat' dir='ltr'><strong>restant,</strong></span> 
     </span>
     <span class='ocr_line' id='line_1_30' title="bbox 136 3325 924 3413; baseline -0.01 -17"><span class='ocrx_word' id='word_1_229' title='bbox 136 3330 244 3396; x_wconf 87' lang='lat' dir='ltr'><strong>omnia</strong></span> <span class='ocrx_word' id='word_1_230' title='bbox 266 3328 295 3394; x_wconf 91' lang='lat' dir='ltr'><strong>si</strong></span> <span class='ocrx_word' id='word_1_231' title='bbox 315 3348 431 3413; x_wconf 89' lang='lat' dir='ltr'><strong>pergas</strong></span> <span class='ocrx_word' id='word_1_232' title='bbox 454 3326 591 3391; x_wconf 90' lang='lat' dir='ltr'><strong>vivendo</strong></span> <span class='ocrx_word' id='word_1_233' title='bbox 615 3327 741 3391; x_wconf 89' lang='lat' dir='ltr'><strong>vincere</strong></span> <span class='ocrx_word' id='word_1_234' title='bbox 763 3325 876 3400; x_wconf 85' lang='lat' dir='ltr'><strong>saecla,</strong></span> <span class='ocrx_word' id='word_1_235' title='bbox 920 3351 924 3358; x_wconf 93' lang='lat'><em>·</em></span> 
     </span>
     <span class='ocr_line' id='line_1_31' title="bbox 136 3426 1031 3520; baseline -0.011 -19"><span class='ocrx_word' id='word_1_236' title='bbox 136 3441 235 3520; x_wconf 82' lang='lat' dir='ltr'><strong>atque</strong></span> <span class='ocrx_word' id='word_1_237' title='bbox 258 3430 358 3498; x_wconf 88' lang='lat' dir='ltr'><strong>etiam</strong></span> <span class='ocrx_word' id='word_1_238' title='bbox 380 3428 497 3514; x_wconf 90' lang='lat' dir='ltr'><strong>potius,</strong></span> <span class='ocrx_word' id='word_1_239' title='bbox 519 3429 548 3493; x_wconf 92' lang='lat' dir='ltr'><strong>si</strong></span> <span class='ocrx_word' id='word_1_240' title='bbox 569 3451 749 3515; x_wconf 88' lang='lat' dir='ltr'><strong>numquam</strong></span> <span class='ocrx_word' id='word_1_241' title='bbox 771 3428 814 3492; x_wconf 89' lang='lat' dir='ltr'><strong>sis</strong></span> <span class='ocrx_word' id='word_1_242' title='bbox 836 3426 1031 3505; x_wconf 86' lang='lat' dir='ltr'><strong>moriturus,&#39;</strong></span> 
     </span>
    </p>
   </div>
   <div class='ocr_carea' id='block_1_3' title="bbox 1345 2121 1396 2281">
    <p class='ocr_par' dir='ltr' id='par_1_3' title="bbox 1345 2121 1396 2281">
     <span class='ocr_line' id='line_1_32' title="bbox 1345 2121 1396 2177; baseline -0.02 -16"><span class='ocrx_word' id='word_1_243' title='bbox 1345 2121 1361 2168; x_wconf 65' lang='grc'>’.9,</span> <span class='ocrx_word' id='word_1_244' title='bbox 1369 2136 1396 2177; x_wconf 68' lang='grc'>[</span> 
     </span>
     <span class='ocr_line' id='line_1_33' title="bbox 1348 2249 1395 2281; baseline -0.021 0"><span class='ocrx_word' id='word_1_245' title='bbox 1348 2249 1395 2281; x_wconf 61' lang='lat' dir='ltr'><strong>’‘bi..</strong></span> 
     </span>
    </p>
   </div>
   <div class='ocr_carea' id='block_1_4' title="bbox 1350 2337 1401 2386">
    <p class='ocr_par' dir='ltr' id='par_1_4' title="bbox 1349 2332 1401 2394">
     <span class='ocr_line' id='line_1_34' title="bbox 1350 2337 1401 2386; baseline 0 0"><span class='ocrx_word' id='word_1_246' title='bbox 1350 2337 1401 2386; x_wconf 65' lang='grc'>99</span> 
     </span>
    </p>
   </div>
   <div class='ocr_carea' id='block_1_5' title="bbox 47 3597 1359 4490">
    <p class='ocr_par' dir='ltr' id='par_1_5' title="bbox 52 3597 1313 3672">
     <span class='ocr_line' id='line_1_35' title="bbox 52 3597 1313 3672; baseline -0.007 -15"><span class='ocrx_word' id='word_1_247' title='bbox 52 3607 162 3672; x_wconf 64' lang='lat' dir='ltr'><strong>Naupor.</strong></span> <span class='ocrx_word' id='word_1_248' title='bbox 178 3603 217 3656; x_wconf 75' lang='lat' dir='ltr'><strong>ior</strong></span> <span class='ocrx_word' id='word_1_249' title='bbox 231 3605 350 3669; x_wconf 73' lang='lat' dir='ltr'><strong>requiret.</strong></span> <span class='ocrx_word' id='word_1_250' title='bbox 448 3600 495 3651; x_wconf 82' lang='grc'><strong>991</strong></span> <span class='ocrx_word' id='word_1_251' title='bbox 512 3614 563 3649; x_wconf 78' lang='lat' dir='ltr'><strong>cecc</strong></span> <span class='ocrx_word' id='word_1_252' title='bbox 578 3615 686 3663; x_wconf 80' lang='lat' dir='ltr'><strong>soporem</strong></span> <span class='ocrx_word' id='word_1_253' title='bbox 700 3600 723 3649; x_wconf 82' lang='grc' dir='ltr'><strong>Δ</strong></span> <span class='ocrx_word' id='word_1_254' title='bbox 737 3599 808 3649; x_wconf 85' lang='lat' dir='ltr'><strong>Nico.</strong></span> <span class='ocrx_word' id='word_1_255' title='bbox 824 3599 891 3661; x_wconf 79' lang='lat' dir='ltr'><strong>vulg.</strong></span> <span class='ocrx_word' id='word_1_256' title='bbox 928 3614 978 3648; x_wconf 77' lang='lat' dir='ltr'><strong>esee</strong></span> <span class='ocrx_word' id='word_1_257' title='bbox 990 3613 1093 3662; x_wconf 80' lang='lat' dir='ltr'><strong>preemo</strong></span> <span class='ocrx_word' id='word_1_258' title='bbox 1104 3597 1141 3649; x_wconf 85' lang='lat' dir='ltr'><strong>B:</strong></span> <span class='ocrx_word' id='word_1_259' title='bbox 1158 3611 1176 3648; x_wconf 82' lang='lat' dir='ltr'><strong>a</strong></span> <span class='ocrx_word' id='word_1_260' title='bbox 1187 3611 1313 3648; x_wconf 53' lang='lat' dir='ltr'><strong>mer*</strong></span> 
     </span>
    </p>

    <p class='ocr_par' dir='ltr' id='par_1_6' title="bbox 52 3679 1332 3746">
     <span class='ocr_line' id='line_1_36' title="bbox 52 3679 1332 3746; baseline -0.013 -3"><span class='ocrx_word' id='word_1_261' title='bbox 52 3687 168 3744; x_wconf 79' lang='lat' dir='ltr'><strong>blundor.</strong></span> <span class='ocrx_word' id='word_1_262' title='bbox 180 3685 225 3739; x_wconf 83' lang='lat' dir='ltr'><strong>the</strong></span> <span class='ocrx_word' id='word_1_263' title='bbox 235 3701 262 3737; x_wconf 81' lang='lat' dir='ltr'><strong>eo</strong></span> <span class='ocrx_word' id='word_1_264' title='bbox 274 3682 349 3746; x_wconf 80' lang='lat' dir='ltr'><strong>being</strong></span> <span class='ocrx_word' id='word_1_265' title='bbox 360 3679 484 3732; x_wconf 75' lang='lat' dir='ltr'><strong>absorberi</strong></span> <span class='ocrx_word' id='word_1_266' title='bbox 495 3679 523 3729; x_wconf 92' lang='lat' dir='ltr'><strong>in</strong></span> <span class='ocrx_word' id='word_1_267' title='bbox 534 3696 603 3731; x_wconf 79' lang='lat' dir='ltr'><strong>eree:</strong></span> <span class='ocrx_word' id='word_1_268' title='bbox 619 3685 663 3744; x_wconf 82' lang='lat' dir='ltr'><strong>yet</strong></span> <span class='ocrx_word' id='word_1_269' title='bbox 675 3680 751 3732; x_wconf 85' lang='lat' dir='ltr'><strong>Bern.</strong></span> <span class='ocrx_word' id='word_1_270' title='bbox 765 3680 840 3731; x_wconf 86' lang='lat' dir='ltr'><strong>reads</strong></span> <span class='ocrx_word' id='word_1_271' title='bbox 847 3696 895 3744; x_wconf 80' lang='lat' dir='ltr'><strong>per</strong></span> <span class='ocrx_word' id='word_1_272' title='bbox 905 3694 1002 3730; x_wconf 79' lang='lat' dir='ltr'><strong>aevum.</strong></span> <span class='ocrx_word' id='word_1_273' title='bbox 1145 3679 1196 3731; x_wconf 78' lang='grc'><strong>999</strong></span> <span class='ocrx_word' id='word_1_274' title='bbox 1212 3680 1332 3730; x_wconf 71' lang='lat' dir='ltr'><strong>ari—-</strong></span> 
     </span>
    </p>

    <p class='ocr_par' dir='ltr' id='par_1_7' title="bbox 47 3760 1359 4490">
     <span class='ocr_line' id='line_1_37' title="bbox 47 3760 1345 3836; baseline -0.012 -8"><span class='ocrx_word' id='word_1_275' title='bbox 47 3774 106 3836; x_wconf 67' lang='lat' dir='ltr'><strong>,teir</strong></span> <span class='ocrx_word' id='word_1_276' title='bbox 117 3769 209 3825; x_wconf 73' lang='lat' dir='ltr'><strong>humb.</strong></span> <span class='ocrx_word' id='word_1_277' title='bbox 227 3768 266 3821; x_wconf 84' lang='lat' dir='ltr'><strong>ed.</strong></span> <span class='ocrx_word' id='word_1_278' title='bbox 286 3769 299 3816; x_wconf 97' lang='lat'>1</span> <span class='ocrx_word' id='word_1_279' title='bbox 316 3765 369 3817; x_wconf 83' lang='lat' dir='ltr'><strong>and</strong></span> <span class='ocrx_word' id='word_1_280' title='bbox 386 3766 409 3825; x_wconf 76' lang='lat'><strong>2,</strong></span> <span class='ocrx_word' id='word_1_281' title='bbox 427 3762 519 3813; x_wconf 80' lang='lat' dir='ltr'><strong>Heius.</strong></span> <span class='ocrx_word' id='word_1_282' title='bbox 531 3761 559 3811; x_wconf 89' lang='lat' dir='ltr'><strong>in</strong></span> <span class='ocrx_word' id='word_1_283' title='bbox 576 3767 717 3813; x_wconf 78' lang='lat' dir='ltr'><strong>manetes</strong></span> <span class='ocrx_word' id='word_1_284' title='bbox 735 3764 775 3814; x_wconf 84' lang='lat' dir='ltr'><strong>for</strong></span> <span class='ocrx_word' id='word_1_285' title='bbox 792 3765 883 3826; x_wconf 65' lang='lat' dir='ltr'><strong>adicit.</strong></span> <span class='ocrx_word' id='word_1_286' title='bbox 917 3764 1006 3824; x_wconf 65' lang='lat' dir='ltr'><strong>arripis</strong></span> <span class='ocrx_word' id='word_1_287' title='bbox 1022 3761 1093 3811; x_wconf 78' lang='lat' dir='ltr'><strong>Flor.</strong></span> <span class='ocrx_word' id='word_1_288' title='bbox 1112 3761 1145 3812; x_wconf 84' lang='lat'><strong>81</strong></span> <span class='ocrx_word' id='word_1_289' title='bbox 1165 3760 1261 3813; x_wconf 63' lang='lat' dir='ltr'><strong>oeno</strong></span> <span class='ocrx_word' id='word_1_290' title='bbox 1284 3776 1345 3804; x_wconf 65' lang='grc' dir='ltr'><strong>Δ·</strong></span> 
     </span>
     <span class='ocr_line' id='line_1_38' title="bbox 54 3845 1353 3908; baseline -0.017 1"><span class='ocrx_word' id='word_1_291' title='bbox 54 3854 118 3908; x_wconf 70' lang='lat' dir='ltr'><strong>Mer.</strong></span> <span class='ocrx_word' id='word_1_292' title='bbox 134 3853 231 3907; x_wconf 70' lang='lat' dir='ltr'><strong>Ateus·</strong></span> <span class='ocrx_word' id='word_1_293' title='bbox 248 3849 339 3902; x_wconf 74' lang='lat' dir='ltr'><strong>Iamb.</strong></span> <span class='ocrx_word' id='word_1_294' title='bbox 357 3848 395 3899; x_wconf 79' lang='lat' dir='ltr'><strong>od</strong></span> <span class='ocrx_word' id='word_1_295' title='bbox 415 3849 439 3899; x_wconf 84' lang='lat'><strong>3.</strong></span> <span class='ocrx_word' id='word_1_296' title='bbox 556 3846 603 3895; x_wconf 87' lang='grc'>935</span> <span class='ocrx_word' id='word_1_297' title='bbox 620 3847 688 3895; x_wconf 85' lang='lat' dir='ltr'><strong>Nom</strong></span> <span class='ocrx_word' id='word_1_298' title='bbox 701 3848 782 3907; x_wconf 72' lang='lat' dir='ltr'><strong>eretis</strong></span> <span class='ocrx_word' id='word_1_299' title='bbox 796 3853 915 3896; x_wconf 78' lang='lat' dir='ltr'><strong>anteacta</strong></span> <span class='ocrx_word' id='word_1_300' title='bbox 927 3847 984 3908; x_wconf 76' lang='lat' dir='ltr'><strong>fuit</strong></span> <span class='ocrx_word' id='word_1_301' title='bbox 1000 3845 1050 3895; x_wconf 82' lang='lat' dir='ltr'><strong>titi</strong></span> <span class='ocrx_word' id='word_1_302' title='bbox 1065 3845 1121 3894; x_wconf 82' lang='lat' dir='ltr'><strong>vitu</strong></span> <span class='ocrx_word' id='word_1_303' title='bbox 1133 3845 1280 3908; x_wconf 59' lang='lat' dir='ltr'><strong>priene-</strong></span> <span class='ocrx_word' id='word_1_304' title='bbox 1301 3849 1353 3886; x_wconf 76' lang='lat'><strong>:0</strong></span> 
     </span>
     <span class='ocr_line' id='line_1_39' title="bbox 54 3919 1358 3999; baseline -0.012 -12"><span class='ocrx_word' id='word_1_305' title='bbox 54 3935 103 3989; x_wconf 73' lang='lat' dir='ltr'><strong>ho.</strong></span> <span class='ocrx_word' id='word_1_306' title='bbox 120 3935 160 3988; x_wconf 69' lang='lat' dir='ltr'><strong>fur</strong></span> <span class='ocrx_word' id='word_1_307' title='bbox 175 3935 208 3987; x_wconf 80' lang='lat' dir='ltr'><strong>N.</strong></span> <span class='ocrx_word' id='word_1_308' title='bbox 223 3949 259 3999; x_wconf 72' lang='lat' dir='ltr'><strong>er.</strong></span> <span class='ocrx_word' id='word_1_309' title='bbox 273 3934 329 3999; x_wconf 70' lang='lat' dir='ltr'><strong>yto&#39;t</strong></span> <span class='ocrx_word' id='word_1_310' title='bbox 344 3931 390 3981; x_wconf 76' lang='lat' dir='ltr'><strong>rior·</strong></span> <span class='ocrx_word' id='word_1_311' title='bbox 404 3932 460 3980; x_wconf 81' lang='lat' dir='ltr'><strong>vita</strong></span> <span class='ocrx_word' id='word_1_312' title='bbox 477 3934 595 3977; x_wconf 60' lang='lat' dir='ltr'><strong>annecto</strong></span> <span class='ocrx_word' id='word_1_313' title='bbox 608 3931 738 3992; x_wconf 82' lang='lat' dir='ltr'><strong>priorque.</strong></span> <span class='ocrx_word' id='word_1_314' title='bbox 771 3927 887 3992; x_wconf 83' lang='lat' dir='ltr'><strong>Perhaps</strong></span> <span class='ocrx_word' id='word_1_315' title='bbox 902 3927 977 3978; x_wconf 81' lang='lat' dir='ltr'><strong>Luor.</strong></span> <span class='ocrx_word' id='word_1_316' title='bbox 997 3929 1076 3978; x_wconf 85' lang='lat' dir='ltr'><strong>wrote</strong></span> <span class='ocrx_word' id='word_1_317' title='bbox 1091 3928 1161 3977; x_wconf 82' lang='lat' dir='ltr'><strong>Nam</strong></span> <span class='ocrx_word' id='word_1_318' title='bbox 1176 3919 1358 3990; x_wconf 58' lang='grc' dir='ltr'><strong>ΜΞ*</strong></span> 
     </span>
     <span class='ocr_line' id='line_1_40' title="bbox 50 4005 1359 4077; baseline -0.015 -10"><span class='ocrx_word' id='word_1_319' title='bbox 50 4016 122 4076; x_wconf 63' lang='lat' dir='ltr'><strong>riceii</strong></span> <span class='ocrx_word' id='word_1_320' title='bbox 133 4028 162 4065; x_wconf 82' lang='lat' dir='ltr'><strong>or</strong></span> <span class='ocrx_word' id='word_1_321' title='bbox 175 4013 232 4077; x_wconf 69' lang='lat' dir='ltr'><strong>rau</strong></span> <span class='ocrx_word' id='word_1_322' title='bbox 244 4013 291 4064; x_wconf 73' lang='lat' dir='ltr'><strong>out</strong></span> <span class='ocrx_word' id='word_1_323' title='bbox 304 4013 367 4062; x_wconf 78' lang='lat' dir='ltr'><strong>oet:</strong></span> <span class='ocrx_word' id='word_1_324' title='bbox 385 4009 429 4059; x_wconf 88' lang='lat' dir='ltr'><strong>the</strong></span> <span class='ocrx_word' id='word_1_325' title='bbox 444 4006 495 4057; x_wconf 75' lang='lat' dir='ltr'><strong>eis</strong></span> <span class='ocrx_word' id='word_1_326' title='bbox 506 4020 625 4055; x_wconf 87' lang='lat' dir='ltr'><strong>common</strong></span> <span class='ocrx_word' id='word_1_327' title='bbox 637 4007 665 4055; x_wconf 90' lang='lat' dir='ltr'><strong>in</strong></span> <span class='ocrx_word' id='word_1_328' title='bbox 678 4007 722 4058; x_wconf 86' lang='lat' dir='ltr'><strong>old</strong></span> <span class='ocrx_word' id='word_1_329' title='bbox 732 4005 839 4057; x_wconf 85' lang='lat' dir='ltr'><strong>writers.</strong></span> <span class='ocrx_word' id='word_1_330' title='bbox 872 4007 906 4057; x_wconf 88' lang='lat' dir='ltr'><strong>N.</strong></span> <span class='ocrx_word' id='word_1_331' title='bbox 917 4021 956 4068; x_wconf 72' lang='lat' dir='ltr'><strong>er.</strong></span> <span class='ocrx_word' id='word_1_332' title='bbox 966 4007 1023 4069; x_wconf 79' lang='lat' dir='ltr'><strong>fuir</strong></span> <span class='ocrx_word' id='word_1_333' title='bbox 1034 4005 1095 4055; x_wconf 74' lang='lat' dir='ltr'><strong>tace</strong></span> <span class='ocrx_word' id='word_1_334' title='bbox 1108 4013 1126 4056; x_wconf 83' lang='lat' dir='ltr'><strong>r.</strong></span> <span class='ocrx_word' id='word_1_335' title='bbox 1140 4020 1164 4056; x_wconf 81' lang='lat' dir='ltr'><strong>e.</strong></span> <span class='ocrx_word' id='word_1_336' title='bbox 1178 4021 1203 4056; x_wconf 82' lang='lat' dir='ltr'><strong>a.</strong></span> <span class='ocrx_word' id='word_1_337' title='bbox 1214 4008 1359 4069; x_wconf 61' lang='lat' dir='ltr'><strong>pov-¹·</strong></span> 
     </span>
     <span class='ocr_line' id='line_1_41' title="bbox 56 4085 1358 4158; baseline -0.014 -9"><span class='ocrx_word' id='word_1_338' title='bbox 56 4096 134 4149; x_wconf 78' lang='lat' dir='ltr'><strong>Lech.</strong></span> <span class='ocrx_word' id='word_1_339' title='bbox 181 4096 250 4147; x_wconf 55' lang='lat' dir='ltr'><strong>Nar·</strong></span> <span class='ocrx_word' id='word_1_340' title='bbox 261 4093 365 4158; x_wconf 70' lang='lat' dir='ltr'><strong>enetos.</strong></span> <span class='ocrx_word' id='word_1_341' title='bbox 380 4099 397 4143; x_wconf 80' lang='lat' dir='ltr'><strong>t.</strong></span> <span class='ocrx_word' id='word_1_342' title='bbox 411 4107 434 4143; x_wconf 84' lang='lat' dir='ltr'><strong>v.</strong></span> <span class='ocrx_word' id='word_1_343' title='bbox 449 4106 474 4140; x_wconf 85' lang='lat' dir='ltr'><strong>a.</strong></span> <span class='ocrx_word' id='word_1_344' title='bbox 483 4106 511 4154; x_wconf 83' lang='lat' dir='ltr'><strong>p.</strong></span> <span class='ocrx_word' id='word_1_345' title='bbox 523 4089 633 4151; x_wconf 82' lang='lat' dir='ltr'><strong>Nauger.</strong></span> <span class='ocrx_word' id='word_1_346' title='bbox 677 4092 744 4139; x_wconf 84' lang='lat' dir='ltr'><strong>Nom</strong></span> <span class='ocrx_word' id='word_1_347' title='bbox 753 4090 834 4154; x_wconf 61' lang='lat' dir='ltr'><strong>prore</strong></span> <span class='ocrx_word' id='word_1_348' title='bbox 839 4089 920 4151; x_wconf 77' lang='lat' dir='ltr'><strong>flacit</strong></span> <span class='ocrx_word' id='word_1_349' title='bbox 931 4092 979 4137; x_wconf 88' lang='lat' dir='ltr'><strong>oet.</strong></span> <span class='ocrx_word' id='word_1_350' title='bbox 989 4087 1058 4141; x_wconf 85' lang='lat' dir='ltr'><strong>Mar.</strong></span> <span class='ocrx_word' id='word_1_351' title='bbox 1069 4086 1143 4139; x_wconf 70' lang='lat' dir='ltr'><strong>June.</strong></span> <span class='ocrx_word' id='word_1_352' title='bbox 1190 4085 1358 4136; x_wconf 67' lang='lat' dir='ltr'><strong>Nar-r·</strong></span> 
     </span>
     <span class='ocr_line' id='line_1_42' title="bbox 54 4168 1353 4242; baseline -0.009 -13"><span class='ocrx_word' id='word_1_353' title='bbox 54 4185 154 4241; x_wconf 72' lang='lat' dir='ltr'><strong>eretum</strong></span> <span class='ocrx_word' id='word_1_354' title='bbox 165 4179 189 4242; x_wconf 86' lang='lat' dir='ltr'><strong>s.</strong></span> <span class='ocrx_word' id='word_1_355' title='bbox 208 4184 225 4231; x_wconf 77' lang='lat' dir='ltr'><strong>r.</strong></span> <span class='ocrx_word' id='word_1_356' title='bbox 244 4192 269 4228; x_wconf 81' lang='lat' dir='ltr'><strong>v.</strong></span> <span class='ocrx_word' id='word_1_357' title='bbox 286 4174 357 4228; x_wconf 83' lang='lat' dir='ltr'><strong>Nico.</strong></span> <span class='ocrx_word' id='word_1_358' title='bbox 390 4175 459 4226; x_wconf 86' lang='lat' dir='ltr'><strong>Nam</strong></span> <span class='ocrx_word' id='word_1_359' title='bbox 474 4173 584 4235; x_wconf 70' lang='lat' dir='ltr'><strong>patere</strong></span> <span class='ocrx_word' id='word_1_360' title='bbox 596 4174 653 4236; x_wconf 80' lang='lat' dir='ltr'><strong>suit</strong></span> <span class='ocrx_word' id='word_1_361' title='bbox 669 4172 746 4224; x_wconf 87' lang='lat' dir='ltr'><strong>Bern.</strong></span> <span class='ocrx_word' id='word_1_362' title='bbox 819 4172 866 4223; x_wconf 88' lang='grc'><strong>941</strong></span> <span class='ocrx_word' id='word_1_363' title='bbox 883 4172 1000 4233; x_wconf 73' lang='lat' dir='ltr'><strong>efferarer</strong></span> <span class='ocrx_word' id='word_1_364' title='bbox 1016 4168 1108 4219; x_wconf 78' lang='lat' dir='ltr'><strong>Iamb.</strong></span> <span class='ocrx_word' id='word_1_365' title='bbox 1126 4169 1167 4218; x_wconf 81' lang='lat' dir='ltr'><strong>for</strong></span> <span class='ocrx_word' id='word_1_366' title='bbox 1183 4169 1353 4232; x_wconf 68' lang='lat' dir='ltr'><strong>offer-⁶⁸·</strong></span> 
     </span>
     <span class='ocr_line' id='line_1_43' title="bbox 57 4238 1344 4317; baseline -0.012 -5"><span class='ocrx_word' id='word_1_367' title='bbox 57 4269 113 4315; x_wconf 75' lang='lat' dir='ltr'><strong>scer.</strong></span> <span class='ocrx_word' id='word_1_368' title='bbox 317 4257 366 4310; x_wconf 83' lang='grc'><strong>949</strong></span> <span class='ocrx_word' id='word_1_369' title='bbox 382 4259 446 4309; x_wconf 79' lang='lat' dir='ltr'><strong>mele</strong></span> <span class='ocrx_word' id='word_1_370' title='bbox 462 4263 487 4306; x_wconf 79' lang='lat' dir='ltr'><strong>et</strong></span> <span class='ocrx_word' id='word_1_371' title='bbox 503 4254 525 4304; x_wconf 89' lang='lat' dir='ltr'><strong>B</strong></span> <span class='ocrx_word' id='word_1_372' title='bbox 541 4253 609 4304; x_wconf 86' lang='lat' dir='ltr'><strong>Flor.</strong></span> <span class='ocrx_word' id='word_1_373' title='bbox 629 4253 660 4302; x_wconf 84' lang='lat'><strong>31</strong></span> <span class='ocrx_word' id='word_1_374' title='bbox 677 4256 724 4305; x_wconf 88' lang='lat' dir='ltr'><strong>eto.</strong></span> <span class='ocrx_word' id='word_1_375' title='bbox 744 4253 849 4317; x_wconf 83' lang='lat' dir='ltr'><strong>rightly.</strong></span> <span class='ocrx_word' id='word_1_376' title='bbox 896 4253 958 4302; x_wconf 81' lang='lat' dir='ltr'><strong>meli</strong></span> <span class='ocrx_word' id='word_1_377' title='bbox 979 4258 1004 4301; x_wconf 83' lang='lat' dir='ltr'><strong>et</strong></span> <span class='ocrx_word' id='word_1_378' title='bbox 1026 4250 1048 4299; x_wconf 77' lang='lat' dir='ltr'><strong>A</strong></span> <span class='ocrx_word' id='word_1_379' title='bbox 1070 4249 1142 4300; x_wconf 85' lang='lat' dir='ltr'><strong>Nico.</strong></span> <span class='ocrx_word' id='word_1_380' title='bbox 1166 4238 1344 4301; x_wconf 73' lang='lat' dir='ltr'><strong>Oen-²·</strong></span> 
     </span>
     <span class='ocr_line' id='line_1_44' title="bbox 57 4325 1343 4409; baseline -0.015 -12"><span class='ocrx_word' id='word_1_381' title='bbox 57 4344 131 4397; x_wconf 81' lang='lat' dir='ltr'><strong>Wak.</strong></span> <span class='ocrx_word' id='word_1_382' title='bbox 232 4342 280 4395; x_wconf 90' lang='grc'><strong>949</strong></span> <span class='ocrx_word' id='word_1_383' title='bbox 297 4343 375 4409; x_wconf 58' lang='lat' dir='ltr'><strong>paen</strong></span> <span class='ocrx_word' id='word_1_384' title='bbox 392 4342 463 4407; x_wconf 74' lang='lat' dir='ltr'><strong>socie</strong></span> <span class='ocrx_word' id='word_1_385' title='bbox 479 4339 576 4390; x_wconf 80' lang='lat' dir='ltr'><strong>Avens.</strong></span> <span class='ocrx_word' id='word_1_386' title='bbox 593 4336 633 4385; x_wconf 85' lang='lat' dir='ltr'><strong>for</strong></span> <span class='ocrx_word' id='word_1_387' title='bbox 644 4337 723 4399; x_wconf 79' lang='lat' dir='ltr'><strong>finem</strong></span> <span class='ocrx_word' id='word_1_388' title='bbox 739 4338 812 4388; x_wconf 70' lang='lat' dir='ltr'><strong>racia</strong></span> <span class='ocrx_word' id='word_1_389' title='bbox 946 4333 994 4384; x_wconf 88' lang='grc'>945</span> <span class='ocrx_word' id='word_1_390' title='bbox 1007 4333 1109 4397; x_wconf 79' lang='lat' dir='ltr'><strong>placcat</strong></span> <span class='ocrx_word' id='word_1_391' title='bbox 1126 4330 1197 4383; x_wconf 84' lang='lat' dir='ltr'><strong>Nioo.</strong></span> <span class='ocrx_word' id='word_1_392' title='bbox 1216 4325 1343 4380; x_wconf 60' lang='lat'><strong>19²</strong></span> 
     </span>
     <span class='ocr_line' id='line_1_45' title="bbox 54 4407 1332 4490; baseline -0.013 -14"><span class='ocrx_word' id='word_1_393' title='bbox 54 4428 145 4490; x_wconf 76' lang='lat' dir='ltr'><strong>placet.</strong></span> <span class='ocrx_word' id='word_1_394' title='bbox 247 4423 296 4477; x_wconf 86' lang='grc'><strong>949</strong></span> <span class='ocrx_word' id='word_1_395' title='bbox 313 4436 405 4489; x_wconf 73' lang='lat' dir='ltr'><strong>perper</strong></span> <span class='ocrx_word' id='word_1_396' title='bbox 424 4419 515 4473; x_wconf 74' lang='lat' dir='ltr'><strong>hamb.</strong></span> <span class='ocrx_word' id='word_1_397' title='bbox 537 4417 577 4468; x_wconf 84' lang='lat' dir='ltr'><strong>ed.</strong></span> <span class='ocrx_word' id='word_1_398' title='bbox 599 4417 615 4466; x_wconf 80' lang='grc'><strong>3</strong></span> <span class='ocrx_word' id='word_1_399' title='bbox 636 4415 677 4466; x_wconf 78' lang='lat' dir='ltr'><strong>for</strong></span> <span class='ocrx_word' id='word_1_400' title='bbox 693 4431 789 4479; x_wconf 75' lang='lat' dir='ltr'><strong>perere.</strong></span> <span class='ocrx_word' id='word_1_401' title='bbox 887 4414 935 4466; x_wconf 88' lang='grc'><strong>950</strong></span> <span class='ocrx_word' id='word_1_402' title='bbox 956 4414 1008 4463; x_wconf 68' lang='lat' dir='ltr'><strong>rui</strong></span> <span class='ocrx_word' id='word_1_403' title='bbox 1030 4412 1095 4464; x_wconf 85' lang='lat' dir='ltr'><strong>Mar.</strong></span> <span class='ocrx_word' id='word_1_404' title='bbox 1120 4412 1194 4462; x_wconf 88' lang='lat' dir='ltr'><strong>Junt.</strong></span> <span class='ocrx_word' id='word_1_405' title='bbox 1215 4407 1332 4460; x_wconf 53' lang='lat' dir='ltr'><strong>iffi?</strong></span> 
     </span>
    </p>
   </div>
   <div class='ocr_carea' id='block_1_6' title="bbox 0 0 1436 4786">
    <p class='ocr_par' dir='ltr' id='par_1_8' title="bbox 0 0 1436 4786">
     <span class='ocr_line' id='line_1_46' title="bbox 0 0 1436 4786; baseline 0 0"><span class='ocrx_word' id='word_1_406' title='bbox 0 0 1436 4786; x_wconf 95' lang='lat' dir='ltr'><strong> </strong></span> 
     </span>
    </p>
   </div>
   <div class='ocr_carea' id='block_1_7' title="bbox 1396 4567 1402 4657">
    <p class='ocr_par' dir='ltr' id='par_1_9' title="bbox 1374 4514 1402 4657">
     <span class='ocr_line' id='line_1_47' title="bbox 1396 4567 1402 4657; baseline 0 0"><span class='ocrx_word' id='word_1_407' title='bbox 1396 4567 1402 4657; x_wconf 72' lang='lat' dir='ltr'><strong>r</strong></span> 
     </span>
    </p>
   </div>
  </div>
 </body>
</html>
