2834 4792
151 197 212 275 146
717 195 773 260 111

231 378 369 421 conexae
391 378 496 443 neque
518 378 691 421 consensus
713 356 863 443 contagia
885 356 974 422 fient.

274 458 424 545 Denique
446 480 504 523 cur
525 459 607 524 acris
629 460 784 525 violentia
806 459 901 525 triste
924 460 1053 525 leonum

231 561 404 626 seminium
426 562 581 647 seqnitur,
604 563 714 648 volpes
735 562 837 640 dolus,
859 571 893 627 et
916 563 994 650 fuga
1015 585 1134 641 cervos,

236 682 257 723 a
279 682 427 724 rnrmaus
448 682 553 724 aaron
575 682 613 723 nr
633 683 654 723 ι
676 683 805 726 erraras
827 683 927 727 ravon
946 684 1070 727 morrnr
1090 685 1190 728 sarus

231 774 265 828 et
288 763 354 828 iam
377 770 483 828 cetera
503 763 546 827 de
568 785 687 850 genere
709 764 769 828 hoo
791 786 849 829 our
870 765 978 829 omnia
1000 766 1156 832 membris

232 890 270 932 ex
293 867 430 931 ineunte
452 888 531 931 aevo
553 876 768 953 generascunt
790 868 995 955 ingenioque,

229 971 257 1037 si
279 994 351 1046 non,
374 979 461 1034 certa
483 992 542 1034 suo
564 969 642 1056 quia
662 970 784 1035 semine
807 970 1006 1057 seminioque

229 1075 278 1139 vis
300 1074 402 1138 animi
423 1074 544 1159 pariter
566 1074 680 1139 crescit
702 1096 776 1138 oum
799 1096 929 1160 corpore
951 1079 1045 1140 toto?

228 1177 314 1262 quod
337 1175 364 1240 si
387 1175 567 1240 inmortalis
589 1177 671 1240 foret
694 1183 728 1240 et
750 1184 877 1242 mutare
900 1177 1018 1242 soleret

227 1301 367 1364 corpora,
389 1279 558 1365 permixtis
581 1279 763 1344 animantes
785 1280 930 1346 moribus
952 1292 1072 1359 essent,

228 1384 387 1470 effugeret
409 1383 496 1448 canis
519 1383 671 1468 Hyrcano
692 1383 733 1448 de
755 1383 878 1449 semine
900 1406 995 1470 saepe

228 1485 386 1572 cornigeri
408 1485 572 1550 incursum
596 1484 681 1550 cervi
702 1493 921 1572 tremeretque
943 1509 1002 1571 per
1023 1509 1121 1553 auras

226 1589 309 1654 aeris
331 1590 486 1676 accipiter
508 1589 635 1676 fugiens
657 1590 809 1655 veniente
832 1591 990 1668 columba,

228 1694 411 1780 desiperent
434 1694 587 1770 homines,
610 1703 760 1780 saperent
783 1696 850 1759 fera
872 1694 975 1760 saecla
998 1694 1150 1761 ferarum.

227 1798 307 1863 illud
330 1799 416 1863 enim
439 1799 518 1863 falsa
541 1799 644 1864 fertur
665 1798 798 1877 ratione,
820 1800 907 1885 quod
929 1799 1024 1866 aiunt

227 1901 432 1967 inmortalem
455 1902 597 1966 animam
620 1910 747 1967 mutato
769 1924 899 1988 corpore
921 1902 1017 1969 flecti.

226 2006 312 2092 quod
336 2014 484 2071 mutatur
506 2006 593 2071 enim
616 2006 813 2085 dissolvitur,
836 2007 949 2073 interit
972 2030 1067 2095 erg03

226 2109 422 2173 traiciuntur
444 2109 530 2173 enim
553 2118 662 2195 partes
684 2119 783 2196 atque
806 2110 917 2175 ordine
939 2110 1099 2198 migrant3

226 2234 325 2298 quare
348 2212 481 2277 dissolui
503 2235 631 2298 quoque
653 2213 774 2279 debent
796 2235 888 2299 posse
910 2236 968 2300 per
990 2222 1089 2292 artus,

225 2316 366 2401 denique
389 2325 427 2380 ut
450 2315 612 2381 intereant
636 2337 796 2381 unacum
819 2334 949 2402 corpore
972 2323 1116 2382 cunctae.

226 2420 276 2485 sin
299 2419 424 2484 animas
446 2419 614 2484 hominum
636 2418 745 2484 dicent
769 2420 803 2484 in
826 2442 956 2506 corpora
978 2441 1106 2506 semper

225 2525 271 2589 ire
296 2525 446 2600 humana,
469 2531 579 2588 tamen
602 2546 754 2609 quaeram
777 2547 833 2588 cur
856 2546 873 2588 e
895 2523 1036 2610 sapienti

227 2630 330 2694 stulta
353 2637 452 2715 queat
474 2627 553 2704 fieri,
576 2649 635 2692 nec
658 2626 798 2713 prudens
821 2627 864 2692 sit
886 2649 967 2714 puer
990 2627 1075 2692 ullus

227 2756 285 2800 nec
308 2743 376 2798 tam
400 2733 514 2798 doctus
537 2755 638 2817 equae
661 2731 769 2817 pullus
791 2754 890 2817 quarn
913 2731 1005 2796 fortis
1027 2730 1103 2816 equi
1124 2731 1182 2796 vis.

226 2841 347 2906 scilicet
369 2840 404 2904 in
426 2849 538 2904 tenero
560 2847 758 2903 tenerascere
780 2859 909 2923 corpore
933 2847 1076 2901 mentem

225 2943 419 3028 confugient.
465 2941 549 3026 quod
572 2941 599 3005 si
622 2941 686 3004 iam
709 2939 756 3017 fit,
778 2940 899 3004 fateare
922 2945 1082 3003 necessest

225 3044 394 3108 mortalem
418 3064 486 3107 esse
508 3042 659 3118 animam,
684 3041 835 3126 quoniam
859 3048 988 3104 mutata
1010 3061 1067 3125 per
1089 3047 1182 3105 artus

224 3157 316 3211 tanto
340 3167 434 3230 opere
457 3145 582 3208 amittit
604 3145 706 3208 vitam
729 3165 922 3229 sensumque
945 3143 1091 3229 priorem.

226 3274 328 3337 quove
351 3251 445 3314 modo
467 3249 588 3335 poterit
610 3249 732 3335 pariter
753 3270 827 3313 cum
850 3269 979 3334 corpore
1002 3268 1131 3332 quoque

224 3354 411 3419 confirmata
434 3355 581 3440 cupitum
604 3352 722 3418 aetatis
744 3359 877 3437 tangere
900 3350 1011 3414 florem
1278 3335 1380 3430 770

136 3536 230 3589 litteris
240 3533 351 3583 nimium
362 3531 499 3581 recedere'.
605 3529 793 3596 740conseusua
804 3525 885 3576 Lach.
898 3525 1073 3576 forconacnsra
1161 3501 1387 3585 'ilarighss-l'.

136 3616 245 3683 rejected
261 3617 296 3679 by
310 3613 390 3663 Laoh.
407 3612 458 3663 and
473 3611 559 3661 before
574 3609 630 3658 him
646 3609 680 3673 by
695 3623 711 3658 a
729 3608 834 3657 ‘doctus
850 3604 966 3669 quidam’
978 3620 1019 3668 ap.
1034 3604 1125 3655 hamb.
1144 3618 1174 3654 as
1189 3619 1205 3654 a
1220 3579 1364 3654 menifefli

136 3699 259 3753 sarcastic
275 3698 352 3761 gloss,
371 3694 455 3743 which
472 3694 614 3755 interrupta
631 3705 704 3741 sense
720 3690 772 3740 and
789 3687 980 3738 construction:
998 3686 1063 3736 Van.
1081 3685 1140 3735 Ald.
1160 3685 1183 3744 1,
1201 3688 1250 3735 not
1264 3666 1352 3734 poni·

137 3786 200 3834 Mar.
215 3797 244 3831 or
255 3780 336 3836 June,
348 3776 410 3826 read
417 3777 497 3825 cervis
509 3774 548 3823 for
559 3789 651 3822 cervos.
685 3770 776 3821 Lamb.
790 3771 858 3818 dolu’
869 3769 987 3832 vulpibus
998 3767 1062 3819 also.
1189 3767 1238 3818 747
1250 3772 1303 3816 coco
1315 3748 1345 3801 13,

139 3882 234 3931 quoque
246 3866 268 3913 A
279 3862 331 3913 and
346 3860 381 3910 all
395 3858 470 3908 other
484 3872 545 3906 mss.
562 3856 615 3906 and
629 3855 673 3906 old
687 3855 740 3904 eds.
774 3860 840 3904 ‘toto
855 3850 974 3914 praetuli,
989 3850 1120 3912 quianon
1135 3863 1244 3913 possum
1258 3843 1339 3898 ullffl

137 3953 220 3999 artem
242 3957 377 4008 agnoscere
399 3941 427 3989 in
451 3939 530 3989 simili
546 3938 595 3986 hoc
612 3936 692 3986 trium
709 3934 893 3985 versiculorum
909 3932 989 3991 exitu,
1006 3933 1164 3994 inuenioque,
1183 3929 1331 3990 semioiowr
1415 3943 1417 3962 ι

136 4045 236 4092 corpore
259 4041 360 4090 quoque.
394 4038 448 4072 non
470 4021 660 4085 potestantem
678 4015 791 4067 dubitari
809 4015 872 4078 quin
890 4017 999 4075 utraque
1015 4011 1145 4074 scriptura
1161 4011 1241 4063 luerit
1256 4010 1283 4060 in
1297 4013 1327 4094 ἤϊ’
1411 4041 1413 4044 s

137 4110 259 4173 chetypo'
271 4106 350 4157 Lach.
386 4103 476 4154 Lamb.
488 4103 543 4152 also
554 4101 603 4150 has
615 4107 679 4149 toto:
697 4112 793 4161 quoque
805 4109 887 4146 seems
898 4108 914 4143 a
925 4095 995 4157 gloss
1006 4093 1073 4142 from
1085 4092 1142 4144 169.
1242 4088 1287 4144 too
1293 4093 1325 4134 1111

136 4195 210 4243 Pont.
223 4187 357 4240 Manno.
373 4188 387 4235 1
403 4186 476 4234 lunt.
492 4186 532 4233 for
546 4186 592 4232 sic.
626 4195 729 4244 corpora
743 4180 765 4228 B
781 4193 845 4227 corr.
862 4179 911 4226 etc.
927 4176 967 4225 for
982 4189 1093 4238 corpore.
1193 4165 1320 4226 taedii:
1413 4176 1416 4182 ’

136 4278 164 4326 of
184 4287 273 4324 course
295 4269 404 4333 agloss,
423 4265 487 4316 with
503 4279 538 4314 no
555 4262 699 4313 connexion
716 4259 779 4309 with
796 4259 841 4308 the
857 4261 920 4309 text.
955 4256 1033 4306 Bern.
1050 4253 1168 4306 includes
1184 4255 1233 4307 764
1249 4254 1275 4304 in
1288 4248 1321 4301 aa
1415 4295 1417 4298 .

135 4361 211 4422 gloss,
231 4355 259 4404 in
275 4367 320 4415 my
337 4348 443 4413 opinion
460 4350 506 4397 not
522 4345 625 4408 rightly.
733 4342 781 4393 764
794 4342 880 4404 pullus
896 4337 967 4387 Nico.
985 4337 1026 4386 lor
1038 4337 1142 4400 paulus.
1247 4332 1321 4386 'istis
