2834 4792
655 248 692 314 11

180 417 256 473 sunt
278 417 312 474 et
334 431 409 474 cum
431 408 574 474 externis
596 406 813 473 succumbunt
835 408 943 473 omnia
964 407 1076 495 plagis,

180 511 441 598 quandoquidem
462 511 578 598 grandi
600 510 692 576 cibus
713 532 793 575 aevo
814 511 955 596 denique
978 511 1057 576 defit

179 638 237 680 nec
259 615 440 682 tuditantia
460 638 529 681 rem
551 623 679 680 cessant
702 615 901 680 extrinsecus
922 615 1023 680 ullam

179 742 310 806 corpora
331 720 485 786 conficere
508 729 542 785 et
564 720 670 807 plagis
692 720 811 785 infesta
833 720 971 786 domare.

178 823 223 888 sic
245 823 347 909 igitur
368 823 479 911 magni
501 845 629 909 quoque
652 822 772 888 circum
796 823 923 888 moenia
944 822 1058 887 mundi

54 941 153 1009 1145
180 936 365 1015 expugnata
387 927 513 993 dabunt
535 927 640 993 labem
663 926 827 1012 putrisque
848 927 966 992 ruinas.

179 1031 308 1118 iamque
330 1033 411 1097 adeo
433 1033 535 1098 fracta
556 1040 607 1097 est
629 1042 719 1097 aetas
741 1031 903 1117 effetaque
925 1030 1023 1096 tellus

178 1135 232 1201 vix
254 1137 408 1203 animalia
429 1161 529 1224 parva
550 1147 638 1204 creat
661 1160 744 1224 quae
766 1148 884 1203 cuncta
906 1139 1027 1203 creavit

179 1239 282 1304 saecla
304 1239 459 1327 deditque
482 1242 622 1306 ferarum
645 1241 791 1328 ingentia
814 1264 945 1327 corpora
966 1250 1071 1327 partu.

178 1340 274 1419 haud,
297 1351 335 1408 ut
357 1344 479 1429 opinor,
500 1343 587 1408 enim
610 1344 760 1409 mortalia
781 1345 886 1409 saecla
907 1367 1045 1431 superne

176 1466 274 1510 aurea
296 1444 336 1510 de
359 1447 447 1512 caelo
468 1446 600 1511 demisit
622 1446 708 1511 funis
729 1447 764 1511 in
786 1469 864 1512 arva

178 1569 237 1612 nec
258 1570 346 1614 mare
369 1571 429 1615 nec
450 1549 570 1614 fluctus
591 1550 777 1637 plangentis
799 1573 876 1616 saxa
898 1560 1056 1628 crearunt,

178 1651 234 1714 sed
256 1652 371 1738 genuit
393 1653 491 1718 tellus
513 1653 626 1718 eadem
649 1675 732 1738 quae
755 1677 841 1719 nunc
862 1654 922 1719 alit
944 1677 984 1720 ex
1006 1678 1049 1721 se.

179 1764 345 1838 praeterea
366 1755 487 1820 nitidas
511 1756 620 1844 fruges
642 1756 816 1842 vinetaque
839 1757 925 1822 laeta

179 1866 293 1942 sponte
315 1881 374 1924 sua
396 1859 536 1945 primum
560 1859 752 1925 mortalibus
774 1860 844 1946 ipsa
866 1861 995 1938 creavit,

178 1958 248 2044 ipsa
268 1960 361 2025 dedit
383 1960 486 2026 dulcis
508 1962 594 2026 fetus
616 1969 651 2026 et
673 1961 792 2046 pabula
814 1962 919 2043 laeta3

179 2084 260 2147 quae
282 2086 369 2128 nunc
392 2064 446 2128 vix
468 2072 577 2129 nostro
599 2065 816 2152 grandescunt
837 2074 934 2131 aucta
956 2066 1072 2144 labore,

179 2167 439 2253 conterimusque
461 2167 558 2233 boves
581 2176 615 2233 et
637 2168 714 2233 viris
736 2169 956 2254 agricolarum,

178 2269 363 2334 conficimus
386 2271 504 2334 ferrum
528 2271 581 2335 vix
604 2271 689 2336 arvis
711 2272 929 2357 suppeditati:

177 2391 280 2455 usque
302 2371 383 2436 adeo
404 2381 542 2458 parcunt
565 2373 651 2438 fetus
673 2383 860 2460 augentque
883 2375 998 2440 labore.

178 2475 307 2560 iamque
329 2485 429 2562 caput
451 2499 604 2563 quassans
626 2479 758 2565 grandis
779 2479 922 2565 suspirat
943 2488 1050 2545 arator
1142 2554 1144 2559 ,

178 2580 328 2660 crebrius
350 2581 512 2646 incassum
535 2604 691 2646 manuum
714 2584 865 2648 cecidisse
888 2583 1020 2662 labores,

178 2690 212 2747 et
233 2705 307 2748 cum
329 2692 477 2770 tempora
498 2685 697 2771 temporibus
719 2686 903 2771 praesentia
924 2687 1047 2752 confert

177 2787 370 2871 praeteritis,
391 2788 505 2853 laudat
527 2789 672 2854 fortunas
694 2812 788 2875 saepe
811 2790 955 2875 parentis

62 2905 158 2972 1170
179 2898 213 2954 et
235 2872 355 2976 crepat,
376 2891 522 2956 anticum
543 2914 648 2979 genus
670 2901 708 2958 ut
730 2894 854 2978 pietate
876 2893 1035 2979 repletum

178 2994 328 3078 perfacile
351 2995 498 3082 angustis
520 2996 666 3060 tolerarit
687 2996 807 3062 finibus
828 3019 950 3072 aevom,

179 3118 253 3161 cum
275 3097 381 3162 minor
402 3107 486 3163 esset
508 3099 579 3185 agri
600 3099 704 3163 multo
726 3099 841 3163 modus
862 3109 939 3163 ante
963 3099 1096 3165 viritim.

64 3201 155 3265 1168
178 3199 282 3264 tristis
303 3199 383 3264 item
407 3200 535 3266 vetulae
559 3200 635 3266 vitis
657 3210 744 3266 sator
766 3211 863 3286 atque
886 3203 984 3268 vietae

61 3503 162 3550 news:
178 3496 261 3548 Faber
272 3496 351 3546 omits
361 3495 406 3546 the
421 3510 507 3547 verse:
525 3497 599 3546 Voss.
615 3497 710 3548 inserts
724 3500 764 3548 ‘et
780 3498 869 3548 fulcire
886 3497 1051 3555 eibuscibus
1067 3498 1155 3548 omnia
1171 3500 1272 3548 susten·

63 3581 150 3640 tare’3
166 3579 217 3629 and
228 3579 293 3629 adds
303 3579 332 3628 in
343 3593 424 3642 marg.
437 3579 489 3629 ‘sio
501 3580 549 3631 Ms.
563 3580 597 3628 v.’
728 3579 792 3630 1149
805 3595 851 3642 que
865 3578 947 3629 added
959 3578 992 3641 by
1004 3579 1074 3628 Nico.

102 3661 168 3710 1150
183 3663 271 3724 fracta
287 3660 309 3709 B
323 3674 388 3710 corr.
405 3661 446 3710 for
461 3663 542 3724 facta.
612 3669 690 3711 aetas.
708 3660 800 3710 Heius.
818 3674 939 3723 proposes
962 3661 991 3708 in
1014 3675 1062 3709 ms.
1080 3663 1154 3709 notes
1177 3668 1267 3711 aetate.

64 3745 146 3808 effeta
160 3742 231 3792 Nico.
249 3743 289 3792 for
305 3745 400 3806 effecta.
541 3744 604 3792 1153
621 3746 709 3806 opinor
726 3745 792 3792 cuim
808 3745 927 3793 mortalia
944 3743 1008 3792 Mar.
1026 3743 1099 3791 Junt.
1117 3743 1157 3791 for
1173 3746 1274 3804 opinare

64 3826 232 3876 immortalia.
326 3824 388 3874 1165
399 3839 517 3874 murtam
528 3825 563 3874 Is.
576 3825 649 3874 Voss.
661 3825 690 3874 in
701 3840 748 3874 ms.
763 3828 838 3874 notes
850 3825 889 3873 ior
899 3840 1025 3886 mappam.
1125 3825 1188 3874 1166
1201 3824 1271 3873 Mon.

65 3907 123 3958 and
146 3907 220 3957 sunt.
236 3905 297 3956 read
312 3909 349 3956 Et
365 3922 421 3956 cam
438 3908 585 3969 temporibus
598 3909 746 3969 praesentia
765 3913 882 3968 tempora,
900 3905 952 3955 and
969 3919 998 3953 so
1014 3905 1128 3955 Politian
1145 3904 1174 3953 in
1190 3919 1271 3966 marg.

64 3988 140 4038 Flor.
156 3989 202 4040 29:
218 3987 241 4037 it
254 3987 278 4036 is
290 3991 318 4037 to
333 3987 364 4037 be
375 3986 480 4036 noticed
496 3986 554 4036 that
570 3986 632 4036 here
649 3991 692 4037 too
709 3986 861 4048 Naugerius,
875 4001 904 4035 as
921 3987 950 4035 in
965 4001 975 4035 1
992 3987 1023 4034 15
1039 3986 1092 4035 and
1102 3987 1140 4048 16,
1155 3985 1215 4034 does
1227 3988 1273 4034 not

67 4070 157 4120 follow
168 4068 242 4120 tunt.
253 4070 301 4119 but
312 4082 398 4118 recurs
408 4073 437 4120 to
448 4067 493 4118 the
506 4072 563 4118 true
575 4068 649 4118 order
660 4069 687 4118 of
704 4068 748 4118 the
759 4068 851 4117 words.
995 4067 1156 4117 1168-1110
1167 4066 1273 4131 (1170-

67 4152 146 4218 1171)
159 4150 256 4202 Theoi.
271 4150 356 4214 Bergk
370 4151 399 4200 in
413 4151 507 4201 Jahn’s
522 4150 612 4201 Jahrb.
624 4151 674 4201 rol.
686 4153 717 4204 67
729 4167 753 4214 p.
769 4153 816 4202 319
832 4150 881 4200 has
898 4149 995 4213 rightly
1006 4148 1164 4200 transferred
1178 4152 1205 4198 to
1221 4148 1274 4199 this
1317 4198 1320 4204 ,

66 4237 151 4300 place.
268 4234 333 4286 1111
348 4248 412 4283 mss.
430 4233 495 4283 have
513 4237 540 4283 at
557 4234 601 4283 the
618 4233 669 4283 end
681 4236 789 4297 fatigat,
809 4234 887 4283 taken
904 4234 971 4282 from
989 4233 1052 4285 1172
1068 4231 1103 4295 by
1120 4246 1135 4281 a
1152 4245 1273 4281 common

68 4315 188 4375 blunder,
199 4316 241 4366 for
251 4313 337 4364 which
350 4315 443 4364 Heius.
459 4315 488 4364 in
502 4330 551 4364 ms.
567 4319 644 4365 notes
659 4315 734 4388 reads
750 4319 840 4372 vietae,
853 4312 1002 4376 comparing
1013 4326 1046 4360 111
1057 4313 1105 4362 385
1116 4314 1223 4362 uittam:
1240 4311 1274 4360 he

68 4403 187 4462 suggests
202 4401 248 4448 too
262 4396 346 4446 uittae
357 4397 397 4446 for
407 4399 515 4457 vetulae,
529 4395 595 4445 after
606 4395 671 4446 Hor.
685 4395 758 4458 epod.
771 4398 844 4455 ¹117,
859 4394 911 4443 and
921 4400 1032 4443 senectae
1043 4394 1084 4442 ior
1090 4395 1198 4457 fatigat,
1211 4386 1275 4443 used
