2834 4792
665 212 683 278 I

161 382 196 438 et
218 373 361 460 fugitant
383 373 418 438 in
440 373 537 438 rebus
558 371 654 437 inane
676 374 858 460 relinquere
880 396 1007 459 purum,

162 475 265 541 ardua
287 477 366 540 dum
387 484 551 553 metuunt,
572 478 731 543 amittunt
753 497 829 540 vera
851 476 924 552 viai,

164 602 223 645 neo
245 603 373 645 rursum
395 589 533 646 cernunt
555 592 706 667 exempto
728 580 824 645 rebus
846 580 936 645 inani

163 683 272 747 omnia
293 683 421 748 denseri
442 683 577 769 fierique
600 706 639 749 ex
663 682 812 748 omnibns
834 704 936 747 unum

163 806 286 870 eorpus,
307 785 354 850 nil
377 786 419 850 ab
440 807 475 849 se
498 786 584 872 quod
606 786 707 872 possit
730 786 861 851 mittere
883 784 1021 871 raptim;

163 889 295 955 aestifer
315 890 401 978 ignis
422 890 474 954 uti
496 891 606 956 lumen
627 891 706 956 iecit
727 900 825 976 atque
848 912 1007 976 vaporem,

164 1005 203 1061 ut
226 994 335 1060 videas
357 1018 422 1060 non
444 1018 462 1060 e
484 995 615 1080 stipatis
637 993 784 1080 pertibus
806 1017 883 1059 esse.

165 1097 250 1184 quod
272 1098 300 1162 si
322 1098 404 1163 forte
426 1099 491 1163 alia
512 1097 649 1163 credunt
672 1097 797 1162 ratione
819 1108 946 1183 potesse

166 1200 250 1286 ignis
273 1200 307 1264 in
329 1211 424 1265 coetu
446 1184 571 1287 stingui
592 1208 783 1287 mutareque
806 1222 929 1286 corpus,

166 1304 287 1369 scilicet
310 1327 349 1369 ex
371 1305 462 1370 nulla
482 1307 586 1370 fecere
608 1304 643 1370 id
665 1306 693 1369 si
716 1318 808 1390 parte
831 1314 1006 1390 reparcent,

166 1411 289 1475 occidet
311 1410 352 1475 ad
375 1409 480 1473 nilum
502 1410 657 1474 nimirum
680 1410 827 1474 funditus
849 1409 942 1474 ardor

168 1514 272 1579 omnis
294 1522 328 1579 et
350 1536 367 1580 e
388 1514 454 1579 nilo
476 1514 556 1579 fient
579 1535 802 1599 quaecumque
824 1522 980 1578 creentur.

168 1641 243 1682 nem
266 1618 490 1705 quodcumque
513 1618 581 1684 suis
602 1626 768 1683 mutatum
793 1617 912 1682 finibus
935 1618 1012 1695 exit,

168 1721 320 1786 continuo
342 1721 402 1786 hoc
424 1745 508 1787 mors
531 1730 580 1787 est
603 1722 692 1787 illius
714 1721 800 1807 quod
823 1721 886 1785 fuit
908 1732 991 1786 ente.

169 1824 301 1910 proinde
323 1825 441 1911 aliquit
463 1847 614 1911 superare
636 1847 765 1890 necesse
789 1834 838 1888 est
860 1824 1020 1890 incolume
1043 1825 1122 1902 ollis,

169 1949 210 1992 ne
233 1926 295 1991 tibi
317 1949 368 1992 res
389 1927 523 1992 redeant
546 1928 588 1992 ed
609 1928 711 1992 nilum
737 1928 884 1992 funditus
906 1950 1016 1993 omnes

170 2031 210 2096 de
232 2031 362 2118 niloque
384 2040 498 2097 renata
520 2031 664 2118 vigescat
686 2031 777 2118 copia
800 2054 914 2096 rerum.

169 2155 256 2198 nunc
277 2133 379 2218 igitur
400 2134 553 2220 quoniam
576 2135 757 2199 certissima
779 2156 909 2220 corpora
932 2135 1091 2219 quaedam

170 2244 247 2301 sunt
271 2259 353 2322 quae
376 2246 566 2303 conservant
588 2246 740 2302 naturam
763 2260 889 2323 semper
910 2238 1054 2314 eandem,

171 2362 308 2426 quorum
330 2341 424 2406 abitu
446 2351 504 2407 aut
527 2341 618 2407 aditu
642 2351 835 2428 mutatoque
857 2341 968 2406 ordine
991 2351 1120 2406 mutant

172 2450 323 2507 naturam
344 2464 397 2507 res
420 2453 453 2508 et
476 2452 668 2508 convertunt
691 2465 821 2529 corpora
842 2465 919 2519 sese,

172 2545 251 2610 scire
274 2546 351 2611 licet
372 2568 438 2610 non
460 2567 528 2610 esse
552 2546 629 2610 haee
652 2545 747 2632 ignea
769 2568 898 2631 corpora
920 2569 1035 2610 rerum.

172 2649 219 2714 nil
242 2650 375 2715 referret
398 2649 485 2714 enim
509 2649 666 2734 quaedam
689 2649 842 2713 decedere
865 2649 962 2726 abire,

173 2762 273 2840 atque
296 2754 360 2819 elia
381 2753 535 2830 adtribui,
558 2754 742 2840 mutarique
765 2754 875 2818 ordine
898 2753 1065 2839 quaedam,

173 2858 201 2922 si
223 2867 334 2924 temen
356 2859 477 2924 ardoris
499 2867 650 2924 naturam
673 2867 789 2923 cuneta
811 2867 978 2937 tenerent;

84 3086 141 3122 was
151 3071 197 3122 the
208 3072 259 3123 last
270 3072 300 3122 in
311 3087 335 3136 p.
346 3075 377 3127 27
389 3075 417 3124 oi
426 3075 472 3125 the
483 3075 621 3140 archetype
632 3077 685 3128 and
696 3077 823 3128 therefore
835 3093 869 3128 on
880 3078 926 3128 the
936 3076 1037 3128 outside
1047 3074 1157 3138 margin,
1167 3072 1219 3123 end
1226 3086 1255 3122 as
1263 3070 1291 3121 in

84 3167 169 3216 many
179 3152 253 3203 other
263 3167 336 3204 cases
345 3154 399 3205 hed
409 3156 512 3206 become
522 3158 609 3221 partly
620 3158 738 3221 illegible.
765 3167 878 3209 meream
888 3159 957 3209 Flor.
970 3159 1001 3207 31
1013 3156 1101 3207 (lamb.
1112 3156 1186 3206 Pont.
1199 3152 1289 3203 Lamb.

84 3233 126 3284 ed
140 3235 157 3283 0
173 3233 225 3284 and
241 3236 265 3296 6,
279 3239 327 3286 etc.
339 3235 448 3287 without
465 3252 545 3288 sense.
582 3242 655 3288 multi
673 3240 737 3290 Mer.
751 3240 823 3291 June.
838 3240 929 3290 Lamb.
944 3239 983 3289 ed.
1000 3240 1022 3300 1,
1041 3241 1088 3288 etc.
1125 3239 1204 3286 inemo
1221 3235 1288 3284 Flor.

87 3315 123 3364 30
140 3328 205 3367 corr.
227 3314 285 3365 Ver.
304 3315 370 3367 Ven.
392 3316 449 3369 ild.
476 3319 490 3367 1
514 3319 646 3370 candidus
667 3324 695 3371 et
717 3320 768 3370 end
790 3323 818 3371 of
838 3323 912 3372 Junt.
952 3322 1053 3370 Memmi
1075 3318 1166 3368 Heins.
1191 3316 1219 3365 in
1240 3329 1289 3365 ms.

87 3399 175 3447 notes.
211 3398 323 3448 ‘amere
339 3396 510 3460 inlapsum
521 3401 555 3451 Is.
570 3401 642 3453 Voss.
657 3402 685 3451 in
696 3416 745 3452 ms.
758 3408 842 3452 notes.
875 3405 959 3452 adesse
970 3400 1050 3451 Lech.
1084 3402 1201 3449 amussim
1216 3399 1293 3447 Bern.

88 3475 172 3526 ‘illud
190 3476 309 3528 Lucretio
327 3478 485 3542 Bernaysius
504 3481 644 3532 restituens
663 3482 735 3532 cedet
757 3482 834 3532 hodie
856 3482 908 3531 nisi
930 3482 1006 3531 fallor
1028 3481 1062 3530 H.
1082 3478 1204 3529 Munroni
1223 3481 1293 3528 masei

91 3557 257 3608 emendanti’
272 3558 374 3609 Ritsohl
389 3574 477 3624 opusc.
494 3576 517 3611 11
533 3577 558 3625 p.
578 3564 633 3615 272.
735 3565 782 3615 669
799 3580 859 3615 vem
875 3567 931 3613 viai
948 3564 970 3611 Δ
986 3577 1051 3612 oorr.
1069 3562 1109 3611 for
1125 3577 1168 3611 ver
1184 3562 1253 3610 aula.

92 3638 142 3689 660
156 3641 230 3689 immi
244 3638 314 3689 Flor.
326 3641 358 3691 30
372 3655 437 3691 corr.
450 3642 515 3692 Mar.
526 3642 601 3693 Junt.
612 3645 653 3693 lor
666 3647 752 3696 imaue.
885 3644 933 3693 662
949 3645 1044 3706 raptim
1058 3641 1134 3691 Pont.
1146 3642 1241 3691 Arane.
1255 3640 1296 3688 ior

90 3723 181 3784 raptis.
219 3720 340 3783 ‘quidam
358 3725 453 3786 raptim
469 3729 620 3787 agnoscunt.
657 3726 784 3776 Marullus
801 3728 901 3776 numm'
919 3724 1049 3775 candidus
1066 3726 1093 3774 at
1110 3722 1161 3772 end
1177 3722 1206 3771 of
1219 3721 1291 3770 June.

92 3802 147 3853 and
158 3816 187 3851 so
197 3801 266 3852 Flor.
278 3802 311 3853 60
321 3817 384 3854 corr.
398 3803 452 3853 and
462 3804 528 3855 Mer.
539 3804 568 3854 in
579 3805 634 3856 cod.
649 3806 714 3857 Viot.
849 3807 896 3856 665
908 3809 964 3856 alia
978 3806 1057 3856 Lech.
1071 3805 1169 3868 rightly
1179 3807 1219 3855 for
1234 3807 1294 3854 mie.

92 3887 150 3935 ulla
165 3884 479 3939 Mar.A1d1Junt.etc.
516 3904 569 3938 uma
584 3888 653 3940 Nice.
668 3893 715 3941 eto.
828 3887 1293 3952 6661οε111111119111Ρο11111111161).

93 3967 187 4019 lamb.
203 3966 245 4019 ed.
261 3970 277 4018 0
293 3969 385 4029 111116,
403 3972 452 4021 etc.
467 3971 507 4021 for
523 3979 605 4023 coetae
620 3974 725 4035 edocui.
755 3981 852 4023 mutere
868 3972 931 4024 Mer.
951 3973 1023 4023 June.
1042 3973 1083 4022 for
1098 3986 1202 4022 musore.
1237 3969 1294 4020 Ver.

94 4049 159 4102 Ven.
173 4050 238 4102 Mar.
251 4050 308 4102 Ale
328 4052 343 4101 1
359 4052 449 4105 hamb.
467 4053 506 4105 ed
526 4055 540 4103 1
557 4054 623 4104 have
639 4055 760 4118 absurdly
770 4058 799 4105 im
814 4064 896 4106 coelem
913 4058 1005 4117 semmei
1020 4070 1177 4117 moeroreque
1193 4069 1297 4116 cocpm3

95 4132 148 4182 and
157 4132 228 4182 Flor.
241 4133 272 4182 31
283 4132 373 4185 (lamb.
386 4150 503 4187 sumere.
606 4138 888 4200 tssssfimdituchorr.
903 4139 1078 4201 lorfumdr'tur.
1114 4137 1297 4188 ardeerorr.

95 4212 166 4263 Nice.
178 4213 220 4263 for
229 4215 313 4264 actor.
443 4215 492 4268 674
503 4218 614 4279 ricemer
625 4217 715 4268 Heins.
731 4218 760 4266 in
770 4222 845 4268 notes
859 4218 912 4268 and
926 4218 1005 4269 Lech.
1017 4219 1058 4268 for
1072 4220 1195 4268 virescet:
1213 4232 1294 4282 comp.

96 4297 151 4347 767.
186 4296 296 4345 mmmr
311 4294 383 4347 Nico.
398 4294 466 4360 vulg.
610 4299 658 4349 680
675 4301 790 4349 decedere
807 4299 896 4350 hamb.
917 4299 996 4351 Leoln
1016 4302 1065 4350 eto.
1084 4299 1124 4348 lor
1143 4301 1297 4351 descendere.

95 4376 221 4427 discedere
232 4374 330 4429 Acorr.
344 4376 409 4427 Mer.
421 4376 495 4437 dunt.
507 4382 556 4429 etc.
697 4381 744 4430 681
757 4383 811 4430 clia
824 4381 888 4432 Mar.
903 4381 991 4432 Lemb.
1007 4384 1076 4430 most
1088 4379 1185 4444 rightly
1196 4380 1237 4431 lor
1247 4383 1300 4432 elio
