2834 4792
652 224 708 290 ΠΙ
1218 240 1276 307 ¹57

159 409 179 451 e
202 386 321 472 quibus
342 385 377 452 id
398 386 458 451 fiat
480 386 584 451 causis
607 408 734 472 quoque
757 407 885 451 noscere
908 394 943 451 et
964 386 1050 451 unde
1197 403 1274 471 1055

158 497 255 555 tanta
276 489 355 554 mali
376 497 543 575 tamquam
566 491 667 555 moles
689 491 723 554 in
745 497 874 575 pectore
897 497 1031 566 constet,

158 594 243 658 haut
264 593 313 659 ita
334 594 436 658 vitam
459 603 602 680 agerent,
624 603 663 659 ut
686 616 773 658 0000
795 594 985 680 plerumque
1008 592 1155 659 videmus

159 698 238 783 quid
261 697 325 762 sibi
346 698 482 784 quisque
506 698 584 763 velit
606 698 729 763 nescire
752 705 786 762 et
808 719 961 784 quaerere
983 719 1109 783 semper
1204 762 1209 772 ,

158 804 359 861 commutare
380 796 486 861 locum
509 797 601 882 quasi
623 819 704 861 onus
726 797 885 882 deponere
907 796 1015 881 possit.

160 900 229 965 exit
251 922 347 986 saepe
370 901 454 965 foras
476 900 603 987 magnis
626 922 665 964 ex
689 899 824 964 aedibus
846 899 909 977 ille,
1196 900 1277 964 1060

160 1025 229 1068 esse
252 1003 340 1068 domi
362 1025 460 1089 quem
482 1011 708 1089 pertaesumst‚
731 1003 903 1089 subitoque
926 1003 1060 1078 reuertit,

160 1107 289 1192 quippe.
303 1107 378 1172 foris
400 1106 466 1170 nilo
488 1106 606 1171 melius
628 1106 685 1192 qui
707 1106 828 1171 sentiat
850 1128 927 1171 esse.

160 1212 261 1276 currit
282 1233 382 1297 agens
404 1233 538 1275 mannos
560 1210 601 1275 ad
624 1211 735 1274 villam
757 1210 1016 1297 praecipitanter,

160 1314 319 1380 auxilium
340 1313 437 1378 tectis
460 1313 553 1399 00001
575 1313 657 1378 ferre
680 1313 869 1378 ardentibus
891 1314 1015 1378 instans
1026 1337 1034 1390 ;

158 1417 275 1482 oscitat
296 1416 468 1504 extemplo,
491 1417 603 1504 tetigit
626 1439 700 1482 cum
723 1416 836 1481 limina
858 1417 963 1494 villae,
1193 1418 1271 1499 1065

159 1518 216 1586 000
238 1521 309 1587 abit
330 1522 365 1586 in
387 1543 536 1586 somnum
557 1521 664 1608 gravis
686 1529 785 1606 atque
809 1520 926 1585 oblivia
949 1521 1084 1606 quaerit,

158 1634 216 1690 aut
239 1626 339 1691 etiam
360 1647 534 1713 properans
557 1626 671 1691 urbem
693 1626 778 1712 petit
800 1634 899 1711 00000
922 1625 1042 1690 revisit.

159 1730 217 1794 hoc
240 1752 274 1794 se
297 1729 433 1816 quisque
456 1730 550 1795 modo
572 1729 658 1816 fugit
681 1730 729 1813 (at
752 1751 850 1815 quem
872 1728 1003 1804 scilicet,
1026 1736 1064 1792 ut
1087 1728 1133 1805 fit,

158 1833 301 1920 effugere
323 1833 405 1898 haut
426 1833 512 1919 potis
534 1841 592 1909 est,
614 1832 751 1919 ingratis
773 1832 900 1914 haeret)
923 1840 956 1896 et
979 1831 1048 1896 odit

157 1944 335 2022 propterea,
357 1936 461 2002 morbi
483 1936 560 2020 quia
581 1958 711 2001 eausam
733 1957 799 1999 non
821 1943 913 2000 tenet
935 1957 1047 2022 aeger3
1192 1954 1274 2019 1070

157 2062 255 2124 quam
277 2039 360 2104 bene
382 2039 410 2103 01
433 2038 552 2114 videat,
574 2039 640 2103 iam
662 2038 758 2103 rebus
781 2037 917 2124 quisque
939 2039 1061 2103 relictis

156 2152 307 2208 naturam
329 2143 471 2229 primum
494 2142 624 2207 studeat
647 2164 835 2229 cognoscere
857 2165 974 2218 rerum,

157 2247 310 2332 temporis
332 2245 457 2312 aeterni
480 2245 641 2331 quoniam,
664 2268 729 2310 non
751 2246 848 2310 00100
871 2247 976 2322 horae,

156 2352 334 2439 ambigitur
355 2359 469 2429 status,
491 2352 526 2415 in
548 2374 612 2436 quo
634 2350 678 2415 sit
700 2350 892 2414 mortalibus
914 2349 1019 2414 omnis

157 2462 255 2532 aetas,
276 2463 349 2540 post
371 2463 509 2520 mortem
531 2475 614 2539 quae
636 2462 738 2518 restat
760 2475 899 2536 eumque
921 2453 1088 2518 manenda.
1191 2470 1269 2537 1075

199 2557 349 2644 Denique
371 2567 463 2623 tanto
485 2580 580 2645 opere
603 2557 637 2621 in
659 2556 767 2622 dubiis
788 2557 949 2643 trepidare
971 2557 1107 2642 periclis.

155 2684 238 2747 quae
261 2661 346 2727 mala
367 2684 424 2726 nos
447 2661 570 2748 subigit
592 2660 673 2725 vitai
695 2669 789 2725 tanta
811 2660 951 2747 cupido?

155 2772 243 2829 certa
265 2764 396 2851 quidem
418 2764 493 2829 finis
515 2764 602 2828 vitae
625 2763 815 2829 mortalibus
838 2763 947 2828 adstat

152 2857 214 2934 000
236 2869 374 2934 devitari
396 2868 500 2934 letum
523 2877 598 2954 pote
621 2869 700 2954 0010
722 2868 883 2933 obeamus

154 2982 321 3058 praeterea
342 2996 506 3039 versamur
528 2972 649 3038 ibidem
671 2981 770 3058 atque
792 2973 940 3036 insumus
962 2994 1063 3057 usque
1188 2976 1272 3038 1080

154 3098 213 3141 nec
234 3098 317 3141 nova
338 3077 476 3143 vivendo
498 3076 686 3164 procuditur
707 3077 775 3142 0110
797 3077 967 3161 voluptas;

60 3215 169 3262 incerto.
299 3213 361 3262 1061
379 3215 483 3263 revertit
493 3212 575 3263 added
585 3213 618 3274 by
629 3212 742 3262 Politian
754 3212 782 3262 in
792 3227 874 3275 marg.
887 3212 956 3261 Flor.
968 3213 1000 3263 29
1011 3212 1068 3263 Ald.
1086 3213 1099 3260 1
1111 3213 1184 3264 lunt.
1199 3214 1266 3276 vulg.

61 3293 533 3347 000000001100911003100100.
548 3295 614 3344 Mar.
647 3302 771 3344 revertens
783 3294 859 3343 Pont.
892 3296 981 3343 revicit
991 3293 1069 3355 Proll,
1084 3294 1115 3344 de
1126 3295 1200 3346 form.
1215 3301 1269 3347 000.

62 3376 145 3426 Luat.
156 3389 181 3437 p.
193 3375 298 3427 44-48.
382 3376 445 3427 1063
452 3378 655 3440 praecipitanter
666 3375 735 3426 Nice.
751 3376 791 3424 for
797 3378 961 3438 praecipiter.
996 3376 1025 3427 ‘f.
1037 3379 1268 3440 praecipiterqce...

63 3458 162 3508 imtct’
179 3458 271 3508 Heins.
289 3458 317 3508 in
335 3473 383 3508 ms.
402 3460 485 3508 notes.
617 3459 681 3509 1060
700 3458 775 3509 10691
798 3458 832 3520 by
849 3473 865 3508 a
883 3458 965 3508 better
982 3458 1156 3521 punctuation
1174 3459 1187 3509 I
1204 3459 1270 3510 have

64 3539 80 3588 1
98 3537 178 3588 think
194 3539 269 3589 made
285 3539 339 3590 this
356 3539 477 3603 disputed
489 3555 596 3604 passage
612 3540 683 3602 quite
698 3541 781 3590 clear:
800 3539 864 3590 1069
881 3542 990 3603 tayrctia
1006 3539 1099 3590 Lamb·
1117 3540 1215 3605 rightly
1230 3541 1270 3591 for

63 3623 212 3682 eucratius:
227 3620 337 3684 nothing
347 3621 399 3671 else
409 3621 432 3670 is
444 3626 472 3671 to
483 3621 514 3670 be
524 3620 655 3683 changed3
672 3621 718 3672 but
729 3629 758 3671 ct
769 3623 959 3685 quern...tceret
974 3636 1017 3671 ars
1029 3625 1056 3671 to
1067 3622 1098 3671 be
1110 3622 1230 3672 enclosed
1241 3623 1269 3670 in

64 3701 193 3752 brackets.
323 3702 387 3752 1068
404 3703 445 3752 for
459 3717 531 3765 quem
540 3702 619 3753 Lech.
640 3716 726 3766 quom:
743 3702 786 3751 his
803 3704 864 3752 note
882 3702 904 3751 is
922 3704 991 3752 most
1006 3702 1207 3766 unsatisfactory
1217 3702 1270 3753 and

63 3789 94 3834 to
114 3798 156 3834 me
175 3783 269 3834 almost
287 3783 489 3847 unintelligible;
511 3785 649 3848 especially
665 3785 710 3835 the
726 3784 809 3834 words
832 3792 906 3835 ‘nam
926 3800 981 3835 sese
998 3784 1077 3835 homo
1099 3790 1146 3836 aut
1169 3801 1268 3850 semper

63 3866 177 3930 effugere
194 3869 280 3938 potest
297 3871 343 3918 000
360 3882 512 3930 numquam,
530 3868 653 3930 quoniam
671 3868 721 3917 hoc
738 3871 823 3917 totum
842 3868 952 3930 figurate
971 3867 1088 3919 dicitur’.
1125 3869 1220 3918 000000
1237 3867 1269 3917 de

56 3947 199 4016 tranquill.
221 3962 243 3997 11
259 3948 290 3998 14
307 3948 401 4012 clearly
417 3948 479 3999 read
497 3965 585 4013 quemi
601 3949 635 3999 he
653 3949 769 4012 explains
787 3950 863 3999 Luor.
887 3949 958 4010 quite
977 3949 1108 4011 eorrectly.
1140 3952 1212 4012 fucit
1231 3958 1267 3999 ct.

58 4029 163 4092 supitct
173 4027 277 4091 Madvig
290 4031 358 4092 poet.
373 4029 432 4079 Irat.
448 4043 526 4079 carm.
539 4029 584 4079 sel.
601 4029 680 4079 1843:
698 4028 745 4078 but
761 4029 866 4090 Seneca,
881 4044 911 4079 as
922 4029 978 4079 well
990 4044 1019 4079 as
1031 4043 1079 4079 cnr
1089 4043 1163 4088 msa,
1175 4029 1269 4092 clearly

63 4108 129 4160 read
140 4111 213 4174 fuytt
230 4118 265 4163 ct.
367 4111 431 4164 1069
449 4113 535 4162 haeret
552 4120 576 4162 et
595 4114 667 4174 creyit
684 4111 750 4161 Mar.
766 4111 840 4161 lunt.
860 4110 950 4162 Lamb.
972 4111 1040 4173 vulg.
1074 4111 1126 4161 For
1141 4113 1268 4173 ingratius

64 4193 131 4242 Ven·
146 4193 222 4243 alone
236 4193 286 4244 has
301 4195 394 4256 000000
411 4193 539 4246 therefore
553 4194 649 4243 Avanc.
661 4193 718 4243 who
734 4192 846 4243 founded
856 4192 899 4242 his
909 4191 1022 4242 revision
1034 4207 1068 4242 on
1080 4191 1101 4241 it
1111 4192 1160 4241 has
1171 4195 1268 4242 incites

60 4276 191 4328 adheret.
319 4276 383 4328 1073
401 4278 527 4339 Temporis
544 4277 641 4325 aeterni
658 4275 733 4324 Pont.
751 4275 816 4325 Mar.
832 4274 892 4324 ald.
910 4274 1015 4325 11000.
1034 4274 1091 4323 first
1108 4275 1149 4324 for
1164 4277 1266 4324 Aeterni

62 4360 189 4422 temporis.
288 4359 352 4409 1075
368 4359 493 4409 monenda
503 4357 592 4410 Iramb.
607 4358 647 4408 for
658 4359 786 4408 10000000.
891 4356 954 4407 1070
972 4357 1048 4405 Certa
1059 4357 1159 4418 quidem
1169 4356 1262 4405 Arane.
