2834 4792
208 402 252 460 ut
273 395 391 472 videas,
414 395 566 481 quoniam
588 394 792 459 coniunctast
814 416 910 458 causa
933 393 1056 470 salutis,

208 499 418 564 coniunctam
441 521 568 585 quoque
590 507 742 563 naturam
764 498 937 563 consistere
960 519 1079 562 eorum.

258 604 352 685 Quod
373 611 529 689 superest,
550 602 652 688 siquis
674 622 790 686 corpus
811 601 931 665 sentire
954 602 1077 666 refutat

208 715 312 794 atque
334 707 476 772 animam
499 706 601 772 credit
623 704 817 790 permixtam
840 727 970 791 corpore
993 714 1062 770 toto

208 812 373 898 suscipere
395 812 483 876 hunc
505 819 631 876 motum
653 831 750 895 quem
773 831 904 874 sensum
927 810 1167 888 nominitamus,

210 916 265 980 vel
288 915 475 981 manifestas
496 936 547 980 res
569 922 681 979 contra
702 935 857 998 verasque
879 923 1048 1000 repugnat.

210 1018 293 1105 quid
314 1019 358 1084 sit
380 1018 468 1083 enim
491 1040 605 1104 corpus
627 1017 748 1082 sentire
771 1017 844 1100 quis
866 1018 990 1082 adferet
1012 1040 1176 1104 umquam,

209 1122 241 1187 si
262 1145 326 1188 non
347 1123 418 1208 ipsa
439 1122 547 1208 palam
569 1123 656 1208 quod
678 1145 728 1187 res
750 1122 841 1188 dedit
863 1145 900 1187 ac
922 1124 1033 1188 docuit
1055 1128 1137 1188 nos?
1269 1138 1328 1206 355

207 1234 248 1290 at
269 1225 401 1290 dimissa
422 1226 532 1290 anima
552 1247 666 1310 corpus
688 1235 776 1291 caret
799 1226 942 1310 undique
965 1247 1080 1304 sensn;

208 1329 318 1414 perdit
340 1329 427 1394 enim
450 1328 535 1414 quod
558 1351 622 1392 non
644 1328 809 1415 proprium
832 1330 896 1394 fuit
918 1329 988 1394 eius
1010 1329 1045 1393 in
1067 1351 1146 1394 aevo
1158 1351 1165 1408 ;

210 1431 380 1517 multaque
402 1439 569 1518 praeterea
591 1430 698 1518 perdit
720 1440 818 1516 quani
841 1431 1014 1519 expellitur
1036 1440 1115 1497 unte.

257 1534 372 1599 Dicere
394 1556 488 1620 porro
510 1533 618 1598 oculos
639 1533 763 1598 nullam
786 1557 854 1599 rem
878 1557 1006 1599 cernere
1029 1557 1130 1621 posse,
1234 1545 1235 1549 ’

213 1637 272 1702 sed
294 1659 351 1723 per
373 1659 428 1702 eos
449 1636 595 1701 animum
618 1646 656 1702 ut
679 1630 800 1702 foribus
823 1647 968 1723 spectare
990 1638 1132 1717 reclusis,
1270 1641 1333 1720 360

215 1740 386 1816 difficilest,
408 1748 520 1805 contra
542 1762 616 1805 cum
638 1763 751 1806 sensus
773 1740 861 1806 dicat
884 1764 995 1805 eorum
1007 1763 1014 1821 ;

214 1864 327 1906 sensus
349 1841 437 1907 enim
459 1842 561 1908 trahit
584 1851 683 1928 atque
705 1843 789 1907 acies
812 1843 959 1909 detrudit
981 1844 1022 1907 ad
1045 1844 1151 1928 ipsas;

213 1946 338 2033 fulgida
359 1946 549 2032 praesertim
572 1969 646 2011 cum
669 1969 798 2012 cernere
820 1969 916 2033 saepe
939 1947 1120 2032 nequimus,

214 2048 338 2113 lumina
359 2048 538 2113 luminibus
559 2049 636 2135 qnia
662 2048 756 2114 nobis
778 2051 1041 2136 praepediuntur.

212 2154 298 2237 quod
320 2154 442 2220 foribus
464 2154 606 2234 non.fit;
629 2177 734 2238 neque
757 2155 853 2232 enim,
876 2156 953 2240 quia
974 2156 1134 2219 cernimus
1157 2155 1227 2241 ipsi,
1270 2157 1328 2237 365

213 2255 298 2321 ostia
319 2257 502 2343 suscipiunt
523 2257 628 2322 ullum
650 2258 775 2323 reclusa
797 2258 946 2324 laborem.

213 2366 381 2443 praeterea
403 2359 431 2423 si
453 2381 510 2445 pro
533 2360 654 2424 foribus
676 2369 752 2425 sunt
775 2360 900 2424 lumina
921 2368 1039 2438 nostra,

212 2460 278 2526 iam
300 2462 403 2550 magis
426 2463 586 2549 exemptis
609 2463 708 2528 oculis
731 2464 848 2528 debere
871 2464 1000 2528 videtur

211 2585 340 2629 cernere
362 2587 413 2629 res
434 2566 563 2630 animus
585 2565 721 2630 sublatis
744 2567 891 2652 postibus
913 2567 1000 2652 ipsis.

254 2667 342 2732 Illud
363 2668 398 2733 in
420 2668 471 2733 his
492 2668 589 2734 rebus
610 2692 815 2754 nequaquam
837 2692 963 2734 sumere
986 2670 1096 2754 possis,
1269 2684 1332 2750 370

214 2770 392 2836 Democriti
414 2771 500 2857 quod
522 2780 634 2836 sancta
656 2773 717 2836 viri
739 2774 902 2838 sententia
924 2773 1024 2858 ponit,

213 2874 352 2959 corporis
374 2882 473 2960 atque
495 2875 597 2939 animi
619 2875 793 2961 primordia
815 2875 943 2960 singula
964 2876 1064 2960 privis

214 2977 362 3062 adposita
383 2977 516 3042 alternis
541 2979 670 3056 variare,
693 3002 730 3043 ac
751 2988 881 3044 nectere
904 2980 1054 3044 membra

214 3106 290 3147 narn
312 3107 386 3150 cum
408 3084 512 3149 multo
534 3092 612 3149 sunt
634 3083 761 3148 animae
784 3085 946 3148 elementa
968 3082 1092 3147 minora

213 3208 309 3269 quam
332 3187 450 3272 quibus
472 3208 490 3251 e
513 3208 627 3272 corpus
649 3186 741 3250 nobis
764 3195 798 3250 et
821 3186 943 3251 viscera
965 3195 1123 3262 coustant,
1267 3200 1325 3267 375

214 3296 285 3352 tum
308 3311 441 3353 numero
464 3310 591 3375 quoque
614 3289 795 3354 concedunt
818 3298 852 3352 et
873 3311 945 3354 rara
967 3310 1024 3375 per
1046 3297 1135 3353 artus

212 3391 327 3456 dissita
348 3400 425 3456 sunt
446 3392 637 3472 dumtaxat3
660 3401 699 3456 ut
722 3393 781 3456 hoc
803 3393 993 3477 promittere
1016 3392 1125 3477 possis,

113 3636 238 3702 'morus
337 3635 385 3687 347
395 3643 425 3686 ut
435 3634 519 3686 added
530 3635 564 3699 by
576 3635 640 3687 Mar.
655 3635 728 3684 Junt.
828 3636 989 3698 350resutut.
1025 3633 1228 3685 renututLamb.

113 3705 169 3770 358
183 3718 274 3782 perdit
288 3732 363 3780 quum
380 3718 516 3779 expellitur
532 3725 590 3767 aute
606 3716 657 3767 Ed.
673 3718 713 3767 for
725 3719 854 3780 perditum
870 3719 1005 3779 expellitur
1021 3732 1082 3765 aeuo
1099 3732 1188 3777 quum:
1206 3715 1288 3767 thav.
1308 3715 1331 3764 is

112 3797 234 3864 rejected
250 3798 284 3861 by
300 3796 396 3848 Oreech
411 3797 440 3847 in
456 3801 540 3858 notes,
559 3798 612 3848 and
628 3799 703 3849 Bam.
745 3800 886 3861 Multaque.
904 3800 1032 3860 Nullaque
1049 3798 1129 3847 Lach.
1147 3797 1231 3846 which
1249 3810 1331 3846 seems

112 3880 237 3943 Seatoely
254 3883 282 3930 to
298 3878 329 3929 be
345 3877 434 3929 Latin.
466 3879 559 3929 Lamb.
577 3879 718 3929 condemns
736 3882 783 3930 357
800 3878 884 3928 which
902 3879 998 3929 Greeoh
1015 3879 1071 3928 well
1088 3878 1204 3928 defends.
1281 3879 1329 3928 361

113 3954 268 4028 Difficilest.
308 3963 452 4025 Deciperest
461 3961 553 4012 Lamb.
567 3962 606 4013 ed.
621 3961 700 4011 2and
711 3963 736 4020 3,
748 3961 800 4010 (tif.
812 3961 909 4012 Lech:
928 3961 974 4010 but
987 3976 1028 4010 sae
1039 3965 1112 4010 notes
1125 3963 1146 4013 2.
1259 3962 1328 4010 dicut

110 4033 215 4099 Irsmb.
228 4045 363 4095 iorducut.
461 4043 611 4093 sornamb.
624 4044 723 4106 rejects.
756 4043 837 4095 Lach.
850 4048 911 4106 puts
926 4043 946 4093 it
963 4044 1030 4093 aiter
1045 4043 1100 4094 363.
1203 4042 1250 4093 365
1266 4046 1328 4105 quta

110 4114 328 4189 Inchforqm
426 4125 565 4188 eripuere
576 4125 663 4174 Bentl.
675 4125 830 4187 forprlou's:
848 4127 895 4175 389
903 4127 981 4186 priua
993 4124 1016 4172 is
1026 4123 1055 4172 in
1066 4124 1111 4172 the
1122 4137 1185 4173 mss.
1279 4125 1327 4174 374

111 4213 223 4262 animae
235 4207 355 4257 eleruemu
364 4207 462 4256 minora
476 4207 522 4255 AB
537 4207 624 4258 Nica:
641 4205 694 4257 this
709 4207 722 4255 Ι
736 4207 803 4256 have
818 4206 941 4256 retained.
974 4209 1071 4255 animai
1086 4208 1117 4256 el.
1136 4208 1195 4254 min.
1213 4205 1282 4254 Flor.
1295 4206 1325 4253 31

108 4285 580 4349 (lamb.urr.std.1tunt.vulgo;
597 4287 644 4337 but
659 4286 704 4336 the
719 4287 812 4337 elision
827 4287 850 4336 is
866 4290 912 4337 not
928 4287 1059 4336 tolerable.
1093 4289 1213 4338 elementa
1229 4288 1327 4336 minore

108 4368 313 4426 animuiIrach.
422 4369 550 4422 orrens
561 4369 839 4425 Lamb.ed.3(lraech
850 4369 1047 4432 Lachrightly.
1083 4370 1330 4422 etAcorr.Bcorr.
