2834 4792
668 223 723 290 III

190 384 312 466 turbat,
333 407 433 474 agens
454 385 597 451 animam
618 396 758 472 spumat,
779 384 872 472 quasi
894 384 929 450 in
950 388 1195 474 oeqnoresalso

189 497 360 554 ventorum
381 487 498 554 validis
520 488 703 555 fervescunt
724 488 848 555 viribus
869 488 985 558 undae.

188 593 383 681 exprimitur
403 615 497 680 porro
518 593 670 681 gemitus,
691 592 769 679 quia
790 594 936 659 membra
956 594 1064 662 dolore
1196 621 1200 625 ·
1240 613 1300 680 495

188 696 386 763 adficiuntur
406 705 442 779 et
464 696 594 762 omnino
616 698 702 784 quod
724 697 849 763 semina
870 698 957 763 vocis

188 799 352 865 eiciuntur
373 809 408 865 et
430 822 484 865 ore
507 800 590 866 foras
610 800 790 888 glomerata
812 801 961 867 feruntur

188 925 253 988 qua
274 904 368 990 quasi
388 912 585 970 consuerunt
606 912 641 970 et
663 914 742 972 sunt
763 905 891 970 munita
912 905 985 971 viai.

187 1006 384 1093 desipientia
404 1006 453 1086 fit,
476 1007 552 1094 quia
574 1007 623 1073 vis
644 1008 746 1073 animi
767 1016 867 1095 atque
888 1008 1010 1074 animai

187 1111 401 1177 conturbatur
421 1119 465 1189 et,
488 1120 525 1176 ut
547 1111 650 1187 docui,
672 1111 780 1176 divisa
800 1133 944 1177 seorsum

187 1212 380 1278 disiectatur
400 1214 514 1279 eodem
536 1213 592 1278 illo
618 1213 774 1279 distracta
795 1236 926 1279 veneno.

186 1317 263 1383 inde
285 1317 343 1383 ubi
364 1318 430 1383 iam
453 1318 556 1383 morbi
578 1317 706 1383 reflexit
727 1340 825 1383 causa
845 1316 995 1404 reditque

187 1418 222 1482 in
244 1418 385 1485 latebras
406 1441 479 1485 acer
500 1420 642 1506 corrupti
665 1420 805 1506 corporis
827 1442 929 1497 umor,

187 1529 260 1586 tum
282 1522 376 1608 quasi
397 1522 569 1587 vaccillans
590 1522 733 1609 primum
755 1522 920 1610 consurgit
943 1530 977 1588 et
1000 1522 1105 1588 omnis

187 1626 349 1712 paulatim
371 1626 456 1693 redit
479 1626 514 1691 in
536 1648 649 1692 sensus
669 1626 877 1712 animamque
899 1633 1053 1712 receptat.

189 1728 269 1793 haec
292 1728 395 1815 igitur
416 1728 520 1793 tantis
542 1728 600 1794 ubi
622 1727 742 1794 morbis
764 1750 893 1814 corpore
915 1727 950 1793 in
973 1727 1044 1815 ipso

188 1828 351 1895 iactentur
373 1830 562 1917 miserisque
584 1830 688 1896 modis
710 1830 866 1896 distracta
888 1829 1044 1907 laborent,

187 1955 245 1998 cur
267 1933 379 1999 eadem
402 1935 505 2000 credis
527 1934 597 2000 sine
620 1957 750 2020 corpore
772 1934 808 1999 in
830 1957 903 2000 acre
926 1942 1039 2020 aperto

187 2060 262 2103 cum
285 2037 401 2103 validis
423 2038 531 2103 ventis
553 2046 697 2103 aetatem
719 2037 835 2123 degere
858 2039 974 2123 pessel

187 2148 221 2205 et
244 2140 395 2226 quoniam
419 2149 561 2207 mentem
584 2140 698 2217 sanari,
721 2163 835 2227 corpus
856 2149 895 2205 ut
917 2162 1059 2228 aegrum,

187 2243 348 2309 cernimus
370 2252 404 2310 et
427 2244 514 2310 flecti
537 2245 697 2310 medicina
718 2237 811 2331 posse
833 2245 990 2322 videmus,

187 2345 221 2410 id
244 2367 371 2433 quoque
393 2348 557 2435 praesagit
579 2348 749 2413 mortalem
772 2348 881 2412 vivere
904 2354 1056 2412 mentem

186 2448 304 2514 addere
327 2450 414 2515 enim
437 2451 539 2537 partis
560 2460 620 2516 aut
643 2450 754 2516 ordine
778 2450 931 2516 traiecere
953 2458 1099 2515 aecumst

187 2560 245 2616 aut
267 2553 391 2640 aliquid
413 2577 560 2641 prorsum
582 2554 623 2620 de
645 2576 773 2620 summa
794 2554 964 2621 detrahere
986 2553 1100 2630 hilum,

187 2665 386 2723 commutare
408 2657 553 2722 animum
577 2657 772 2744 quicumque
795 2657 940 2723 adoritur
962 2665 996 2722 et
1018 2656 1092 2723 infit

187 2766 245 2822 aut
268 2758 365 2824 aliam
388 2760 535 2846 quamvis
557 2768 707 2826 naturam
730 2759 859 2826 flectere
881 2760 1017 2846 quaerit,

187 2869 222 2925 at
245 2884 350 2947 neque
373 2863 539 2929 transferri
561 2863 624 2929 sibi
646 2863 748 2950 partis
770 2885 829 2928 nec
853 2863 954 2928 tribui
977 2863 1049 2928 vult

188 2963 358 3030 inmortale
380 2966 467 3050 quod
489 2975 539 3032 est
561 2966 736 3052 quicquam
759 2987 864 3052 neque
887 2964 1028 3031 defluere
1052 2964 1166 3030 hilum.

189 3089 265 3132 nam
288 3068 513 3154 quodcumque
535 3069 603 3134 suis
625 3077 791 3134 mutatum
814 3068 934 3133 finibus
956 3067 1034 3145 exit,

189 3170 342 3234 continuo
365 3170 424 3235 hoc
446 3193 531 3236 mors
554 3179 604 3235 est
626 3171 714 3236 illius
736 3171 821 3256 quod
845 3171 909 3236 fuit
930 3179 1016 3236 ante.

188 3293 264 3359 ergo
286 3273 414 3338 animus
436 3273 503 3338 sive
525 3273 692 3362 aegrescit,
714 3273 862 3339 mortalia
884 3272 977 3360 signa

188 3376 303 3454 mittit,
325 3377 376 3441 uti
398 3376 502 3453 docui,
524 3400 581 3442 seu
604 3378 748 3443 flectitur
770 3400 790 3442 a
812 3376 979 3442 medicina.

188 3501 290 3565 usque
313 3479 393 3544 adeo
416 3479 514 3544 salsae
536 3480 654 3544 rationi
677 3502 753 3544 vera
774 3480 904 3545 videtur

189 3602 240 3645 res
262 3602 426 3646 occurrere
449 3590 483 3646 et
505 3581 663 3668 effugium
687 3581 894 3667 praecludere
918 3581 1011 3646 eunti

188 3684 388 3771 ancipitique
410 3686 555 3750 refutatu
578 3685 766 3750 convincere
789 3686 915 3751 falsum.
1249 3700 1311 3769 525

231 3786 382 3873 Denique
404 3809 499 3874 saepe
523 3788 686 3853 hominem
708 3788 868 3874 paulatim
890 3787 1051 3854 cemimus
1072 3785 1120 3852 ire

103 4035 146 4087 old
161 4036 214 4088 eds.
231 4038 271 4089 for
288 4053 346 4102 quo.
444 4039 492 4092 493
508 4047 614 4102 mancat,
633 4043 706 4104 quasi
723 4043 752 4090 ia
767 4040 845 4092 Iaoh.
863 4040 904 4090 lor
919 4055 1036 4104 spaniam
1053 4041 1090 4097 ia,
1107 4040 1177 4088 most
1193 4037 1312 4104 acutely:

104 4118 199 4169 former
215 4122 356 4169 correctore
370 4117 423 4169 and
437 4119 541 4179 editors,
557 4134 621 4169 even
635 4120 737 4178 Lamb,
752 4120 805 4171 had
820 4120 891 4183 quita
906 4121 1036 4171 mistalren
1051 4120 1096 4171 tha
1110 4120 1244 4184 meaning,
1259 4124 1312 4174 and

101 4199 189 4262 joined
199 4215 273 4262 opem
285 4202 396 4252 animm
406 4200 469 4251 with
479 4203 519 4251 vis
530 4204 624 4252 morbi:
641 4201 709 4252 their
720 4203 823 4253 various
834 4203 953 4266 readings
964 4217 1007 4253 are
1022 4207 1068 4253 not
1083 4202 1167 4253 worth
1181 4204 1312 4256 mention·

104 4278 163 4342 ing:
181 4280 254 4334 Wak.
268 4280 291 4332 is
303 4281 444 4345 unusually
454 4296 579 4347 perverse.
682 4285 730 4334 497
741 4285 881 4334 Eiciantar
891 4283 982 4334 Lamb.
995 4284 1034 4333 for
1045 4285 1210 4335 Eliciaatur:
1226 4299 1271 4337 sea
1282 4287 1315 4336 58

104 4359 157 4411 and
167 4375 194 4411 ιι
207 4363 262 4413 945.
363 4363 411 4414 tae
421 4365 517 4414 rotoni
528 4363 593 4414 Mar.
603 4362 661 4416 alu
676 4364 774 4416 lJunt
786 4364 827 4414 ior
836 4366 953 4415 rationes.
1058 4364 1106 4414 525
1116 4366 1233 4429 refutatu
1245 4365 1311 4418 Mar.
