2834 4792
748 237 779 300 V

248 423 321 465 curn
343 399 528 465 doctoribus
550 400 682 465 armatis
704 401 872 486 saevisque
894 400 1057 486 magistris

248 503 304 591 qui
326 504 520 569 moderarier
542 503 592 568 his
614 512 745 589 possent
767 503 945 590 vinclisque
969 513 1090 582 tenere,

246 607 454 691 nequiquam,
476 606 628 692 quoniam
651 606 813 691 permixta
834 607 931 672 caede
954 608 1097 672 calentes

248 709 425 774 turbabant
447 709 535 773 saevi
559 709 647 774 nullo
669 710 853 774 discrimine
876 719 1009 787 turmas,

247 813 403 877 terrificas
425 814 568 899 capitum
591 814 776 898 quatientes
799 815 942 900 undique
965 815 1086 891 cristas,

248 939 306 981 nee
328 926 479 1002 poterant
501 918 628 1003 equites
651 919 782 983 fremitu
805 919 977 1004 perterrita
999 941 1155 1005 equorum

247 1028 377 1105 pectora
400 1020 540 1086 mulcere
563 1030 597 1085 et
619 1021 717 1086 frenis
739 1030 925 1087 convertere
947 1022 983 1086 in
1007 1022 1116 1087 hostis.

247 1124 381 1190 inritata
404 1126 472 1190 leae
495 1125 656 1191 iaciebant
678 1148 809 1212 corpora
830 1127 916 1191 saltn

248 1228 391 1314 undique
414 1238 449 1294 et
470 1230 641 1294 adversum
663 1231 869 1294 venientibus
891 1252 946 1294 ora
969 1230 1127 1316 petebant

249 1339 282 1396 et
305 1354 364 1396 nec
386 1332 549 1418 opinantis
570 1356 590 1396 a
613 1343 704 1420 tergo
727 1332 932 1418 deripiebant

248 1435 466 1521 deplexaeque
489 1437 611 1500 dabant
634 1437 667 1501 in
690 1446 810 1501 terram
833 1437 961 1501 volnere
985 1437 1095 1514 victos,

249 1537 408 1602 morsibus
429 1538 554 1603 adfixae
578 1538 693 1603 validis
715 1548 814 1625 atque
836 1538 1002 1625 unguibus
1024 1539 1122 1603 uncis.

248 1640 477 1726 iactabantque
500 1663 574 1706 suos
597 1642 683 1706 tauri
705 1641 906 1727 pedibusque
929 1641 1079 1706 terebant

249 1755 283 1811 et
305 1747 408 1811 latera
429 1769 466 1811 ac
489 1757 617 1811 ventres
640 1747 815 1811 hauribant
836 1755 949 1832 supter
972 1767 1127 1832 equorum

249 1848 398 1912 cornibus
420 1857 454 1912 et
477 1859 596 1913 terram
619 1849 786 1913 minitanti
809 1849 913 1913 fronte
936 1848 1083 1913 ruebant.

249 1959 282 2016 et
305 1951 420 2015 validis
442 1951 541 2016 socios
564 1951 741 2016 caedebant
763 1951 916 2016 dentibus
938 1952 1008 2037 apri

250 2055 314 2119 tela
336 2055 473 2119 infracta
494 2077 552 2119 suo
575 2055 763 2141 tinguentes
786 2055 943 2142 sanguine
966 2055 1061 2130 saevi,

248 2157 283 2220 in
305 2179 339 2221 se
363 2158 463 2222 fracta
486 2179 544 2221 suo
568 2157 757 2244 tinguentes
779 2159 937 2244 sanguine
960 2157 1034 2234 tela,

249 2260 489 2346 permixtasque
512 2261 635 2325 dabant
657 2261 805 2346 equitum
829 2260 1041 2347 peditumque
1064 2260 1181 2325 ruinas.

249 2390 324 2431 nam
347 2375 528 2430 transversa
551 2367 632 2431 feros
654 2365 787 2430 exibant
809 2365 918 2430 dentis
940 2363 1074 2429 adactus

250 2468 396 2533 iumenta
418 2478 476 2532 aut
499 2468 635 2553 pedibus
658 2476 770 2532 ventos
792 2477 899 2532 erecta
921 2467 1085 2553 petebant,

251 2574 457 2658 nequiquam,
480 2573 631 2659 quoniam
655 2574 696 2637 ab
719 2573 824 2637 nervis
847 2571 969 2635 succisa
990 2571 1115 2636 videres

250 2676 415 2740 concidere
437 2686 536 2762 atque
558 2676 649 2762 gravi
672 2686 791 2740 terram
814 2686 1018 2739 consternere
1040 2697 1125 2738 casu.

251 2779 358 2864 siquos
381 2786 457 2842 ante
480 2778 567 2842 domi
590 2777 728 2841 domitos
751 2777 829 2841 satis
852 2799 920 2840 esse
944 2775 1114 2861 putabant,

252 2882 455 2945 effervescere
478 2880 653 2944 cernebant
675 2880 709 2943 in
732 2880 827 2943 rebus
850 2878 988 2965 agundis

254 2983 439 3047 volneribus
461 2984 597 3047 clamore
622 2985 699 3069 luga
721 2993 840 3047 terrore
864 2982 1019 3059 tumultu,

252 3109 311 3151 nec
333 3095 484 3172 poterant
506 3088 606 3151 ullam
629 3096 754 3173 partem
777 3086 950 3151 redducere
974 3107 1102 3163 eorum;

252 3191 445 3278 diffugiebat
468 3192 555 3255 enim
577 3191 702 3254 varium
724 3212 828 3275 genus
851 3210 945 3252 omne
968 3188 1127 3266 ferarum3

252 3302 290 3358 ut
312 3317 398 3359 nunc
421 3316 514 3379 saepe
537 3294 634 3357 boves
657 3293 747 3356 lucae
770 3293 852 3355 ferro
875 3290 957 3354 male
981 3297 1105 3354 mactae

252 3397 439 3483 diffugiunt,
461 3398 528 3461 fera
551 3398 636 3461 facta
658 3396 725 3459 suis
748 3417 823 3458 cum
845 3394 951 3458 multa
972 3391 1098 3458 dedere.
1292 3410 1372 3474 1340

165 3667 257 3719 Lamb.
276 3666 371 3716 Oreech
388 3666 463 3717 Wax
485 3665 554 3727 vulg.
570 3666 655 3716 before
672 3664 751 3714 Lech.
887 3664 949 3712 1311
967 3663 1116 3713 doctoribus.
1154 3663 1299 3711 ductoribus
1315 3661 1368 3710 Ver.

167 3749 230 3799 Ven.
244 3748 308 3797 Mar.
321 3748 379 3796 Ald.
393 3749 406 3795 1
418 3748 493 3796 tunt.
506 3748 614 3808 Nauger.
627 3745 718 3796 Lamb.
733 3746 781 3795 etc.
921 3744 983 3792 1315
1001 3742 1081 3792 Lach.
1094 3741 1187 3805 rejects
1198 3757 1229 3792 as
1241 3742 1370 3806 spurious;

167 3830 219 3881 and
230 3829 279 3878 Ed.
291 3829 318 3877 in
330 3828 369 3877 ed.
383 3830 405 3879 1.
515 3829 578 3878 1319
591 3829 710 3890 petebant
720 3826 778 3876 Vct.
791 3825 839 3875 640
851 3824 943 3874 Urbin.
955 3823 1026 3874 Mon.
1041 3823 1115 3872 Junt.
1128 3824 1169 3873 for
1176 3826 1309 3886 patebant.

201 3912 265 3960 1320
281 3912 440 3973 deripiebant
456 3909 479 3958 A
495 3908 575 3958 Lach.
609 3910 766 3971 diripiebant
782 3907 804 3955 B
822 3907 890 3956 Nicc.
909 3905 1022 3963 riocsl
1041 3904 1129 3956 (lamb.
1151 3903 1223 3957 Mon.
1238 3905 1274 3954 ull
1289 3905 1369 3955 before

168 3993 247 4044 Lach.
347 3995 410 4043 1323
426 4008 489 4043 euos.
526 4007 581 4041 enee
594 3992 652 4040 Ver.
666 3991 731 4040 Ven.
742 3990 837 4040 Arane.
852 3986 944 4038 Lamb.
956 3989 1004 4038 etc.
1112 3988 1178 4037 1325
1189 3990 1277 4051 srmrte
1293 3985 1367 4037 Lach.

168 4079 208 4125 for
224 4085 303 4126 mente
319 4075 404 4124 which
420 4074 469 4124 has
486 4089 520 4124 no
537 4073 669 4135 meaning.
702 4074 736 4122 ad
753 4080 892 4135 terramque
907 4072 1016 4120 minanti
1032 4077 1112 4120 noente
1126 4069 1191 4122 Mar.
1210 4069 1301 4120 Lamb.
1317 4068 1362 4119 Gil.

168 4158 263 4208 Creech
280 4160 327 4223 etc.
347 4156 400 4206 and
416 4156 469 4207 this
486 4156 617 4206 Candidus
634 4155 764 4205 doubtless
780 4158 869 4204 meant
887 4159 914 4204 to
931 4153 1001 4204 read.
1133 4153 1199 4205 1337
1218 4154 1282 4204 1338
1299 4153 1361 4202 Mon.

168 4237 242 4286 Junt.
255 4235 335 4285 Irach.
348 4234 402 4284 and
415 4234 464 4285 Ed
477 4235 505 4283 in
522 4235 597 4284 small
613 4235 653 4283 ed.
668 4235 733 4283 omit
746 4233 791 4283 the
805 4233 913 4290 second;
930 4231 1020 4281 Lamb.
1037 4231 1078 4281 ed.
1091 4232 1106 4280 1
1123 4231 1233 4282 obelises
1247 4233 1292 4283 the
1306 4231 1361 4290 first,

171 4319 211 4368 ed.
225 4320 239 4366 2
252 4318 303 4368 and
314 4320 329 4366 3
341 4316 416 4367 both:
433 4317 481 4367 but
493 4333 533 4367 see
544 4320 619 4366 notes
631 4319 654 4366 2.
793 4317 857 4366 1330
868 4317 950 4365 dentix
961 4317 1067 4364 adactae
1079 4312 1145 4363 Mar.
1157 4314 1233 4365 June.
1244 4315 1284 4365 for
1294 4313 1366 4364 (100111

169 4403 292 4451 adauctus
304 4401 334 4462 B,
345 4401 458 4451 dentibus
470 4402 592 4450 adunctae
602 4400 625 4449 A
636 4400 706 4450 Nico.
716 4399 804 4450 bamb.
840 4399 955 4448 dentibus
966 4400 1032 4447 ictuc
1043 4395 1160 4447 Politian
1170 4395 1200 4445 in
1211 4411 1292 4460 marg.
1302 4393 1363 4444 Flor.
