2834 4792
512 897 552 972 T.
588 895 817 973 LUORETI
852 893 979 970 CARI

384 1150 471 1234 DE
522 1148 762 1234 RERUM
814 1147 1098 1233 NATURA

560 1439 691 1497 LIBER
719 1437 902 1497 TERTIUS

230 1809 256 1873 E
275 1808 421 1874 tenebris
443 1809 545 1874 tantis
567 1817 635 1873 tam
657 1809 780 1873 clarum
803 1807 955 1873 extollere
978 1806 1089 1872 lumen

230 1910 285 1995 qui
306 1909 429 1996 primus
451 1910 589 1996 potuisti
610 1910 786 1975 inlustrans
808 1909 974 1975 commoda
996 1908 1092 1984 vitae,

230 2023 261 2079 te
284 2037 448 2100 sequano
471 2013 587 2080 Graiae
608 2014 717 2102 gentis
738 2015 843 2090 decus,
865 2013 964 2100 inque
987 2012 1053 2078 tuis
1075 2034 1161 2076 nune

230 2117 303 2182 ficta
325 2119 446 2204 pedum
468 2140 552 2203 pono
574 2117 692 2204 pressis
713 2117 851 2203 vestigia
873 2117 982 2203 signis,

230 2220 361 2286 nonita
383 2221 528 2286 certandi
550 2220 687 2307 cupidus
710 2243 807 2307 quam
829 2229 960 2307 propter
982 2241 1124 2284 amorem
1325 2231 1341 2299 5

231 2324 314 2408 quod
336 2333 369 2389 te
392 2324 514 2389 imitari
536 2346 632 2405 ave03
662 2325 740 2411 quid
762 2324 849 2391 enirn
872 2324 1046 2391 contendat
1068 2322 1206 2387 hirundo

232 2430 342 2514 cycnis,
365 2438 424 2494 aut
447 2429 602 2516 quidnam
624 2430 772 2494 tremulis
795 2430 897 2495 lacere
920 2429 1055 2495 artubus
1078 2427 1174 2493 haedi

231 2533 390 2598 consimile
413 2533 448 2597 in
470 2555 565 2598 eursu
587 2532 712 2619 possint
735 2543 768 2599 et
792 2534 883 2598 fortis
905 2533 981 2619 equi
1002 2532 1075 2596 vis?

231 2643 274 2714 tu,
295 2644 397 2722 pater,
420 2658 454 2701 es
477 2659 583 2701 rerum
606 2638 763 2714 inventor,
785 2646 822 2702 tu
845 2636 951 2721 patria
972 2635 1064 2700 nobis

231 2739 415 2825 suppeditas
436 2750 617 2826 praecepta,
639 2740 769 2826 tuisque
792 2763 840 2817 ex,
863 2740 994 2816 inclute,
1017 2738 1145 2814 chartis,
1306 2755 1345 2803 10

230 2841 374 2907 floriferis
395 2851 435 2907 ut
456 2866 533 2929 apes
554 2844 590 2908 in
611 2843 748 2909 saltibus
770 2843 878 2908 omnia
899 2843 1012 2920 libant,

230 2943 333 3008 omnia
355 2967 413 3010 nos
435 2944 550 3010 itidem
572 2945 775 3031 depascimur
797 2968 894 3011 aurea
916 2946 1011 3022 dicta,

233 3069 334 3125 aurea,
357 3056 516 3133 perpetua
537 3071 665 3134 semper
686 3048 876 3136 dignissima
899 3048 974 3113 vita.

232 3173 304 3216 nam
327 3152 424 3217 simul
447 3175 485 3216 ac
506 3152 589 3241 ratio
611 3162 671 3218 tua
692 3153 798 3238 coepit
822 3151 989 3216 vociferari

231 3263 380 3319 naturam
402 3277 519 3333 rerum,
541 3255 651 3321 divina
673 3265 782 3321 mente
805 3263 921 3330 coorta,

230 3353 405 3443 diffugiunt
427 3358 528 3423 animi
550 3368 696 3436 terrores,
719 3359 845 3424 moenia
867 3356 981 3422 mundi

230 3456 405 3537 discedunt,
428 3468 535 3525 totum
558 3461 651 3526 video
673 3483 730 3546 per
752 3461 848 3525 inane
870 3460 939 3547 geri
961 3482 1018 3524 res.

228 3573 361 3648 apparet
383 3563 495 3628 divum
518 3587 640 3629 numen
662 3565 817 3650 sedesque
840 3562 970 3649 quietae

229 3687 307 3750 quas
328 3689 433 3752 neque
456 3667 646 3732 concutiunt
668 3668 759 3732 venti
780 3689 840 3732 neo
861 3667 975 3731 nubila
996 3666 1117 3730 nimbis

229 3778 404 3856 aspergunt
425 3792 530 3855 neque
552 3771 608 3835 nix
631 3772 696 3836 acri
718 3779 867 3836 concreta
888 3772 1005 3856 pruina
1299 3783 1341 3833 20

229 3894 306 3938 cana
329 3873 445 3939 cadens
467 3874 567 3940 violat
589 3898 772 3962 semperque
794 3875 960 3940 innubilus
982 3875 1095 3939 aether

181 4044 232 4093 la
247 4043 319 4095 Mon.
343 4045 414 4095 Brix.
438 4045 494 4097 Ver.
521 4045 584 4095 Ven.
602 4046 642 4095 lor
660 4045 681 4096 O
697 4047 724 4095 of
745 4045 857 4095 AVien.
875 4045 940 4108 frag.
974 4059 1025 4094 om.
1043 4044 1064 4093 Β
1082 4044 1151 4093 Nico.
1185 4047 1206 4094 A
1224 4043 1294 4092 Elor.
1311 4045 1343 4093 31

155 4120 232 4176 cumb.
380 4128 410 4175 11
423 4128 504 4177 libant
515 4128 611 4176 Avanc.
622 4128 731 4189 Nauger.
743 4127 796 4178 Gis.
810 4126 888 4176 Lach.
901 4127 941 4176 for
954 4128 1052 4175 limant.
1087 4132 1137 4175 ‘an
1148 4124 1231 4188 magis
1249 4125 1343 4175 libant'

151 4204 208 4257 Mur.
339 4207 369 4256 15
387 4214 471 4256 coorto
488 4206 567 4256 Orelli
582 4205 663 4258 Lech.
682 4208 723 4257 for
739 4215 856 4257 coortam.
985 4208 1015 4254 21
1032 4217 1172 4269 semperque
1189 4205 1257 4257 Nico.
1278 4220 1343 4256 oorr.

149 4288 209 4340 llor.
235 4289 266 4339 31
286 4287 375 4338 (lamb.
395 4287 455 4338 Vat.
476 4288 540 4338 1136
556 4288 608 4338 and
625 4289 689 4340 1954
707 4288 800 4339 Othob.
820 4288 896 4338 Pont.
914 4288 979 4337 Mar.
997 4288 1071 4337 Junt.
1090 4285 1181 4337 Lamb.
1201 4285 1281 4335 Laoh.
1299 4287 1340 4337 for

142 4384 239 4434 seraper.
275 4384 369 4434 semper
385 4372 440 4420 sim
456 4371 563 4419 aubibus
581 4370 636 4421 Ald.
658 4372 681 4428 1,
699 4369 806 4420 because
823 4370 890 4427 Ver„
908 4368 959 4418 and
976 4368 1040 4418 Ven.
1059 4382 1093 4417 on
1110 4367 1193 4418 which
1213 4366 1270 4418 Ald.
1289 4368 1302 4416 l
1320 4367 1342 4417 is
