2834 4792
729 204 779 269 VI

238 387 312 429 aere
334 364 526 452 interposito
548 365 707 431 discordia
730 375 825 431 tanta
847 375 977 431 creatur

238 479 409 556 propterea
431 470 508 556 quia
529 470 684 535 nimirum
707 471 797 557 prius
819 479 929 536 aestus
952 471 1010 536 ubi
1031 472 1115 538 acris

237 574 403 661 praecepit
425 574 564 660 ferrique
587 576 656 640 vias
677 575 821 660 possedit
843 585 980 662 apertas,
1280 592 1364 658 1050

236 678 392 765 posterior
413 677 529 763 lapidis
551 679 641 742 venit
663 689 773 744 cestus
795 688 829 744 et
852 679 959 744 omnia
981 680 1078 766 plena

237 781 364 847 invenit
386 780 420 845 in
443 781 525 845 ferro
547 803 652 866 neque
675 781 775 847 habet
797 805 861 868 qua
883 791 991 848 tranet
1013 792 1052 849 ut
1075 792 1159 848 0000.

236 886 364 974 cogitur
386 885 542 950 offensare
564 886 667 972 igitur
688 886 882 972 pulsareque
905 887 1008 951 fluctu

238 991 341 1055 ferrea
362 996 454 1054 texta
476 1011 551 1068 suo;
581 1012 644 1074 quo
667 998 761 1074 000οο
783 991 909 1075 respuit
931 990 973 1054 ab
995 1013 1029 1054 se

236 1104 335 1180 atque
358 1115 415 1178 per
437 1114 490 1156 000
512 1092 626 1178 agitat,
641 1083 717 1156 ‘sine
740 1115 778 1157 eo
801 1092 888 1179 quod
911 1115 1006 1179 saepe
1028 1093 1179 1158 resorbet.
1277 1110 1359 1176 1055

238 1198 319 1264 illud
342 1198 377 1261 in
399 1197 450 1260 his
472 1196 568 1261 rebus
591 1196 701 1260 mirari
724 1197 830 1274 mitte,
853 1197 938 1283 quod
960 1206 1068 1262 aestus

237 1324 303 1366 non
325 1300 413 1365 valet
435 1321 452 1363 e
475 1297 583 1384 lapide
607 1299 666 1364 hoc
688 1299 767 1364 01100
790 1300 954 1385 impellere
976 1301 1057 1366 item
1079 1323 1137 1366 res.

237 1405 377 1492 pondere
401 1404 487 1468 enim
511 1403 612 1467 fretae
634 1403 754 1488 partim
777 1413 885 1468 stant:
916 1405 1001 1489 quod
1023 1427 1126 1491 genus
1148 1427 1285 1484 aurum3

236 1518 271 1575 et
294 1508 412 1594 partim
434 1529 505 1570 raro
527 1506 604 1591 quia
626 1515 703 1570 sunt
726 1529 800 1571 cum
823 1529 961 1594 corpore,
984 1516 1023 1572 ut
1045 1516 1154 1573 aestus

237 1613 382 1699 pervolet
404 1611 556 1687 intactus,
579 1621 747 1696 nequeunt
769 1611 918 1697 inpellier
940 1635 1094 1698 usquam;
1276 1616 1363 1678 1060

236 1717 344 1804 lignea
366 1715 518 1779 materies
541 1715 575 1778 in
598 1737 661 1800 quo
683 1737 801 1801 genere
824 1738 893 1780 esse
916 1715 1052 1781 ridetur.

235 1821 476 1905 interutrasque
499 1818 601 1905 igitur
624 1819 699 1884 ferri
721 1828 839 1884 natura
861 1820 966 1885 locata

235 1926 318 1992 aeris
340 1925 397 1988 ubi
418 1923 543 2009 accepit
566 1922 724 2009 quaedam
747 1923 946 2008 corpuscula,
969 1932 1041 1988 tum
1065 1923 1111 2000 fit,

235 2028 394 2114 inpellant
416 2036 455 2091 ut
478 2048 549 2090 eam
573 2026 742 2111 Magnesia
763 2025 897 2090 flumine
920 2047 1005 2091 saxa.

279 2132 350 2197 Nec
372 2140 482 2196 tamen
506 2131 584 2195 haec
606 2131 654 2194 100
676 2139 753 2194 0000
776 2130 912 2194 aliarum
934 2152 1042 2194 rerum
1065 2129 1178 2205 aliena,
1273 2133 1354 2211 1065

235 2245 275 2300 ut
297 2235 379 2299 mihi
401 2235 507 2299 multa
527 2257 642 2320 parum
665 2257 783 2321 genere
807 2257 846 2298 ex
871 2234 931 2299 hoc
953 2235 1204 2321 suppeditentur

234 2363 317 2427 quae
341 2361 516 2404 memorare
540 2361 656 2425 queam
679 2339 766 2403 inter
787 2362 821 2403 se
844 2338 1029 2424 singlariter
1050 2347 1136 2424 apta

233 2467 311 2510 saxa
334 2445 424 2508 vidos
446 2443 588 2530 primurn
612 2445 679 2508 sola
701 2443 857 2508 colescere
881 2445 975 2509 calce.

234 2551 362 2637 glutine
386 2550 537 2614 materies
559 2548 688 2614 taurino
711 2548 859 2635 iungitur
881 2571 955 2625 000,

235 2663 274 2717 00
297 2653 378 2717 vitio
401 2674 502 2717 venae
525 2652 710 2717 tabularum
733 2651 861 2736 saepius
884 2651 1010 2716 hiscant
1275 2667 1359 2731 1070

234 2778 330 2841 quarn
356 2756 462 2819 laxare
486 2763 607 2839 queant
630 2776 800 2840 compages
823 2761 938 2819 taurea
959 2754 1071 2818 vincla.

235 2861 374 2947 vitigeni
397 2860 510 2924 latices
532 2859 629 2944 aquai
652 2859 796 2923 fontibus
818 2859 941 2924 audent

233 2965 367 3039 misceri,
391 2987 465 3028 cum
487 2963 542 3048 pix
566 2970 708 3048 nequeat
730 2963 838 3048 gravis
861 2971 895 3028 et
917 2963 988 3028 leve
1010 2963 1137 3027 clivom.

232 3089 478 3155 purpureusque
500 3067 584 3131 colos
606 3067 753 3152 conchyli
775 3067 923 3153 iungitur
945 3089 1011 3130 000

232 3193 361 3256 corpore
384 3193 458 3234 oum
481 3170 581 3244 10000,
605 3169 713 3234 dirimi
736 3171 793 3255 qui
816 3193 880 3234 non
903 3178 1003 3255 queat
1025 3190 1172 3253 usquam,
1271 3183 1352 3248 1075

231 3296 296 3338 non
318 3273 346 3337 si
368 3272 518 3357 Neptuni
540 3272 642 3336 fluctu
666 3295 819 3337 renovare
842 3294 973 3357 operam
997 3270 1062 3346 dee,

231 3400 303 3453 non,
327 3399 414 3441 mare
436 3376 464 3440 si
486 3385 593 3439 totum
619 3376 696 3440 velit
719 3375 826 3440 eluere
849 3375 1001 3440 omnibus
1024 3373 1129 3440 undis,

143 3633 297 3694 AdApm.
331 3629 530 3679 AcNichlor.
543 3631 574 3678 31
587 3629 676 3678 (lamb.
689 3630 758 3680 Mon.
773 3630 841 3690 vulg.
947 3629 1220 3691 1062Iutcrutrasque.
1254 3632 1352 3678 Intern-

144 3723 232 3777 truqoe
242 3712 323 3763 Lach.
447 3711 510 3760 1064
522 3727 576 3760 eam
587 3711 652 3760 Mar.
664 3711 722 3759 Ald.
736 3712 749 3759 1
762 3712 835 3760 Junt.
848 3713 961 3761 loreum.
989 3713 1096 3775 flumine
1107 3711 1179 3760 Nico.
1191 3712 1262 3761 Flor.
1275 3714 1306 3760 31
1317 3712 1353 3761 all

143 3792 201 3842 Vat.
214 3792 283 3843 Brix.
298 3791 355 3840 Ver.
368 3789 433 3839 Ven.
447 3790 486 3838 for
498 3791 618 3851 flumina.
645 3792 756 3852 flumina
767 3794 825 3840 suci
836 3791 909 3841 Wak.
1045 3791 1108 3840 1067
1119 3791 1271 3851 singlariter
1281 3789 1352 3840 Flor.

143 3876 174 3923 31
194 3874 271 3922 Pont.
292 3872 388 3921 Avano.
408 3873 519 3933 Nsuger.
538 3871 607 3933 vulg.
627 3871 666 3919 for
685 3875 862 3934 sinpulariter:
892 3886 975 3934 comp.
1002 3872 1065 3921 1088
1088 3873 1188 3934 coplata
1210 3871 1256 3920 AB
1279 3887 1352 3935 001.

143 3960 337 4018 0000100000.
370 3954 722 4016 intersinqillcriterhaoh.:
740 3953 1131 4016 amostunrhythmicalversc.
1166 3961 1229 4016 apta
1239 3953 1310 4005 Flor.
1319 3956 1351 4004 31

143 4040 231 4089 (lamb.
245 4042 293 4088 000.
306 4039 347 4088 lor
358 4045 452 4100 aptam.
575 4037 639 4088 1068
649 4039 719 4086 vides
730 4037 805 4087 Pont.
817 4038 883 4087 Mar.
895 4037 954 4086 nld.
968 4038 981 4085 1
994 4037 1068 4086 Junt.
1080 4037 1199 4087 torvide.
1233 4040 1351 4088 colescere

141 4122 222 4172 Lach.
235 4122 427 4170 lorcoclescere.
461 4121 597 4168 coalescere
608 4118 679 4168 Nico.
691 4119 759 4170 Flor.
773 4119 902 4170 313700.
916 4119 987 4168 Mon.
1080 4118 1143 4171 1069
1155 4133 1205 4167 uno
1216 4118 1299 4168 Irach.
1311 4119 1352 4168 tor

141 4220 201 4261 000,
213 4218 242 4252 00
254 4202 282 4250 10
295 4203 370 4253 10741
389 4201 435 4249 but
447 4201 513 4250 Mar.
526 4201 599 4249 Junt.
611 4200 701 4251 Lamb.
716 4209 765 4250 eto.
778 4201 851 4250 there
862 4200 924 4250 read
935 4215 1001 4251 unu-z
1017 4215 1067 4250 unc
1079 4199 1102 4249 is
1113 4202 1160 4249 not
1172 4199 1281 4249 certain.

176 4287 239 4337 1072
252 4288 340 4347 opilat.
374 4287 403 4333 in
414 4288 493 4346 aquai
504 4284 569 4333 Mar.
582 4283 637 4334 Ala
652 4285 666 4332 1
679 4284 752 4334 Junt.
763 4284 833 4346 vulg.
845 4282 971 4344 Wrongly:
988 4297 1071 4344 comp.
1084 4282 1132 4332 552
1144 4281 1198 4332 and
1211 4281 1270 4331 868.

175 4368 238 4418 1077
250 4368 332 4415 eluere
344 4366 366 4414 B
378 4379 442 4415 corr.
455 4365 547 4415 71000.
562 4365 626 4428 frag.
640 4365 706 4415 Mar.
718 4366 760 4415 for
770 4368 853 4415 eicere
864 4365 895 4424 B,
908 4367 1008 4414 siucero
1019 4365 1042 4414 A
1052 4363 1122 4415 Nico.
1224 4364 1290 4416 1078
1300 4378 1352 4413 unu
