2834 4792
184 294 189 303 ·
242 264 245 315 i
331 274 440 338 fids-<³⁴-

245 353 505 442 quandoquidem
528 357 621 422 factis
643 367 677 423 et
700 357 843 423 moribus
865 360 993 424 aemula
1015 360 1143 446 magnis

245 460 394 526 amnibus
416 462 634 540 inveniuntur,
656 470 768 548 aperto
790 485 918 549 corpore
942 463 999 549 qui
1021 472 1105 528 sunt.

245 571 318 627 tum
339 587 432 650 porro
454 566 558 631 varios
579 588 687 631 rerum
709 566 868 632 sentimus
890 567 1001 632 odores

243 689 304 731 nec
325 674 436 732 tamen
457 668 498 733 ad
520 669 608 734 naris
631 668 791 735 venientis
813 671 973 736 cernimus
996 692 1161 757 umquam,

244 792 303 834 nec
325 771 443 836 calidos
464 782 574 839 aestus
596 774 721 839 tuimur
742 796 802 839 uec
824 774 942 861 frigora
965 775 1094 861 quimus

244 895 399 960 usurpare
422 875 522 940 oculis
543 898 602 941 nec
624 899 716 942 voces
738 899 880 985 0effleffi,
889 899 1039 958 suemus;

244 999 327 1062 quae
349 986 460 1043 tamen
482 979 591 1045 omnia
612 1001 762 1066 corporea
783 990 929 1045 constare
951 991 1110 1046 necessest

243 1089 370 1158 natura,
393 1082 546 1166 quoniam
568 1104 680 1147 sensus
702 1083 857 1169 inpellere
878 1094 1022 1169 possunt.
1041 1116 1059 1133 ν

243 1192 377 1271 tangere
400 1186 486 1250 euim
509 1195 543 1251 et
565 1185 666 1273 tangi,
689 1187 752 1251 nisi
773 1208 897 1273 corpus,
920 1188 1011 1252 nulla
1033 1196 1145 1274 potest
1168 1211 1226 1255 res.

241 1288 382 1374 denique
404 1288 587 1378 fluctifrago
610 1312 784 1376 suspensae
806 1290 840 1355 in
863 1291 957 1356 litore
980 1300 1087 1357 vestes

242 1401 408 1472 urserunt,
431 1393 563 1459 eaedem
584 1393 754 1479 dispansae
776 1394 811 1458 in
833 1395 898 1459 sole
920 1404 1093 1460 serescunt.

167 1528 172 1534 ·
242 1504 279 1561 at
300 1518 404 1583 neque
426 1520 490 1583 quo
511 1507 606 1581 pacto
628 1498 805 1584 persederit
828 1521 921 1563 umor
942 1500 1038 1585 aquai

242 1601 381 1666 visumst
403 1625 461 1667 neo
483 1626 612 1668 rursum
634 1626 698 1690 quo
720 1614 815 1689 pacto
838 1604 959 1690 fugerit
982 1613 1081 1670 aestu.

141 1772 146 1783 ,
242 1707 277 1770 in
299 1728 415 1791 parvas
437 1706 538 1793 igitur
559 1707 661 1793 partis
683 1707 882 1793 dispergitur
904 1730 996 1773 umor

243 1832 322 1895 quas
345 1811 429 1875 oculi
452 1811 542 1875 nulla
563 1821 699 1896 possunt
721 1811 846 1876 ratione
871 1810 989 1877 videre.

194 1972 198 1977 .
242 1915 322 1999 quin
344 1914 443 1979 etiam
466 1914 579 1979 multis
601 1914 676 1979 solis
698 1914 910 1979 redeuntibus
931 1914 1024 1979 annis

240 2017 357 2082 anulus
379 2017 414 2081 in
437 2017 541 2104 digito
564 2018 676 2082 subter
698 2025 853 2082 tenuatur
877 2016 1032 2095 habendo,

198 2128 205 2139 ’
242 2119 374 2185 stilicidi
395 2143 488 2186 casus
511 2120 651 2206 lapidem
674 2130 776 2197 cavat,
798 2100 907 2185 unbiis'
924 2121 1024 2185 aratri

242 2224 362 2289 ferreus
384 2226 508 2289 occulte
531 2225 686 2290 decrescit
708 2247 818 2289 vomer
839 2224 875 2289 in
897 2225 989 2302 arvis,

242 2338 408 2415 strataque
430 2329 495 2394 iam
518 2330 605 2416 volgi
627 2328 763 2415 pedibus
785 2329 906 2393 detrita
928 2329 1053 2394 viarum

241 2455 336 2497 saxea
358 2433 589 2519 conspicimus;
617 2441 689 2498 tum
712 2444 821 2519 portas
843 2440 974 2519 propter
995 2454 1077 2497 aena

239 2538 332 2624 signa
353 2561 469 2603 manus
490 2538 620 2603 dextras
642 2538 818 2603 ostendunt
839 2538 1010 2603 adtenuari

240 2664 334 2728 saepe
356 2643 557 2707 salutantum
579 2650 670 2707 tactu
692 2649 883 2728 praeterque
905 2650 1080 2707 meantum.

242 2745 320 2810 haee
342 2745 444 2832 igitur
466 2745 580 2821 minui,
603 2767 676 2809 cum
699 2746 765 2809 sint
788 2745 917 2822 detrita,
940 2745 1095 2811 videmus.

239 2849 296 2914 sed
318 2872 401 2935 quae
424 2871 555 2935 corpora
577 2849 734 2914 decedant
758 2850 792 2912 in
816 2858 961 2934 tempore
984 2871 1119 2936 quoque,

240 2951 349 3018 invida
371 2953 545 3039 praeclusit
569 2952 707 3038 speciem
730 2962 848 3017 natura
870 2952 1009 3018 videndi.

239 3061 401 3138 postremo
423 3075 647 3138 quaecumque
670 3053 738 3118 dies
761 3060 942 3139 naturaque
965 3054 1063 3118 rebus

239 3157 399 3242 paulatim
421 3158 548 3236 tribuit,
570 3158 762 3223 moderatim
784 3179 923 3222 crescere
947 3180 1073 3243 cogens,

240 3260 330 3325 nulla
351 3268 459 3347 potest
482 3261 647 3325 oculorum
669 3260 754 3324 acies
777 3268 930 3325 contenta
952 3259 1058 3339 tueri;

239 3385 298 3427 nec
321 3384 414 3449 porro
437 3385 657 3448 quaecumque
680 3385 759 3428 aevo
781 3363 946 3448 macieque
969 3371 1149 3438 senescunt,

240 3490 308 3545 nec,
329 3489 418 3532 mare
440 3490 523 3553 quae
544 3466 732 3552 inpendent,
755 3488 847 3530 vesco
869 3466 934 3531 sale
957 3488 1034 3530 saxa
1056 3488 1168 3551 peresa

240 3572 319 3657 quid
341 3593 469 3657 quoque
491 3570 646 3635 amittant
667 3570 703 3634 in
725 3577 869 3655 tempore
892 3591 1020 3634 cernere
1043 3569 1150 3655 possis.

240 3673 424 3760 corporibus
446 3673 549 3738 caecis
571 3672 672 3760 igitur
694 3681 812 3737 natura
833 3672 919 3759 gerit
941 3694 999 3737 res.

283 3777 354 3842 Neo
376 3785 487 3841 tamen
508 3775 652 3861 undique
674 3797 823 3860 corporea
845 3776 966 3861 stipata
988 3783 1141 3840 tenentur

239 3881 348 3946 omnia
369 3890 503 3959 natura;
532 3901 671 3965 namque
694 3888 743 3944 est
765 3879 800 3942 in
822 3879 918 3944 rebus
940 3879 1043 3944 inane.
1292 3897 1356 3963 330

200 4026 250 4077 304
261 4033 294 4077 et.
306 4032 353 4075 aut
364 4024 463 4076 Gallius
473 4039 490 4073 v
502 4026 547 4076 15:
564 4025 611 4075 but
621 4024 657 4075 all
668 4040 731 4074 mss.
742 4024 796 4076 and
808 4025 903 4076 Seneca
915 4025 1021 4075 Tertull.
1033 4024 1134 4074 Nonius
1144 4024 1211 4075 have
1222 4034 1255 4075 et.

200 4108 263 4157 313:
285 4106 378 4159 Isidor.
398 4105 468 4169 Orig.
488 4120 523 4155 xx
542 4106 573 4154 14
593 4106 607 4154 1
629 4105 801 4157 ‘Vomer...de
820 4120 871 4167 quo
890 4105 1027 4156 Lucretius
1048 4107 1130 4155 Uncus
1149 4108 1232 4155 aratri
1248 4109 1352 4156 Ferreae

149 4190 247 4239 occulto
257 4189 377 4239 ἀωνοεοίε
387 4203 470 4239 vomer
479 4190 509 4238 in
520 4190 589 4238 arvis
601 4187 736 4250 sumitque
747 4202 792 4250 per
803 4187 960 4238 detrimenta
971 4188 1110 4250 fulgorem’
1123 4190 1180 4249 (not
1192 4187 1316 4238 ‘nitorem
1325 4189 1349 4250 ’).

149 4270 213 4320 Itis
223 4268 307 4321 addit
321 4269 367 4320 tha
380 4269 433 4320 last
443 4268 527 4319 words
541 4284 584 4319 are
599 4268 719 4319 Isidore's
734 4284 805 4319 own:
824 4267 847 4318 is
863 4283 879 4318 a
893 4268 947 4318 line
961 4270 988 4318 of
1003 4268 1057 4318 this
1071 4267 1135 4318 kind
1149 4269 1208 4326 lost,
1221 4270 1352 4332 Samitqoe

149 4354 204 4416 ipse
225 4366 298 4403 mum
314 4366 363 4417 per
384 4352 535 4401 detrimento
555 4352 678 4401 atterunt
782 4351 830 4398 321
851 4351 963 4414 speciem.
988 4352 1098 4413 spatium
1119 4348 1213 4400 Iacob:
1241 4350 1288 4400 but
1311 4365 1352 4401 see

239 4466 274 4515 lt
1247 4451 1268 4511 4
