2834 4792
747 224 796 289 VI

238 386 420 473 perfacilest
442 394 553 450 tamen
576 385 654 449 haee
675 387 815 471 reperire
837 385 1010 471 animoque
1033 386 1143 452 videre

238 490 347 555 omnia
367 511 431 574 qno
453 498 548 575 paeto
570 489 651 554 fiant
673 512 811 575 quareve
834 499 991 567 areentur,

238 617 312 659 eum
333 594 417 659 bene
439 593 584 679 cognoris
607 593 776 658 elementis
797 592 926 658 reddita
947 615 1030 678 quae
1052 593 1127 658 sint.

281 697 379 762 Nune
400 718 461 783 age
483 718 566 782 quae
587 696 670 760 ratio
692 696 790 761 terrai
813 696 955 760 motibus
977 705 1068 761 extet

237 797 373 883 percipe.
417 806 451 861 et
474 797 508 860 in
529 795 642 881 primis
664 806 782 861 terram
805 797 854 860 fae
876 804 915 860 ut
937 818 1006 861 esse
1027 796 1127 860 rearis

237 911 350 988 supter
370 902 450 966 item
473 909 511 965 ut
533 922 649 986 supera
670 901 810 965 ventosis
831 900 976 985 undique
997 899 1127 986 plenam

238 1006 398 1091 speluncis
419 1005 603 1090 multosque
626 1004 714 1068 lacus
736 1003 919 1089 multasque
943 1003 1077 1068 lucunas

239 1109 274 1174 in
295 1108 418 1195 gremio
440 1130 551 1194 gerere
575 1117 608 1172 et
630 1130 728 1194 rupes
750 1107 952 1193 deruptaque
975 1130 1070 1188 saxa3

239 1214 406 1299 multaque
429 1213 490 1277 sub
513 1222 604 1298 tergo
627 1213 725 1277 terrai
747 1212 884 1277 flumina
905 1220 993 1277 tecta

240 1316 364 1380 volvere
387 1315 420 1380 vi
443 1316 562 1380 fluetus
584 1337 825 1402 summersaque
847 1337 925 1379 saxa
947 1315 1180 1401 putandumst3

238 1419 381 1504 undique
405 1419 491 1483 enim
514 1418 653 1483 similem
676 1441 744 1483 esse
767 1419 818 1484 sui
839 1441 889 1483 res
911 1418 1055 1504 postulat
1077 1417 1155 1503 ipsa.

238 1521 288 1586 his
311 1522 412 1609 igitur
434 1521 530 1586 rebus
552 1521 732 1586 subiunctis
754 1521 993 1607 suppositisque

237 1633 323 1689 terra
345 1647 483 1707 superne
506 1625 618 1689 tremit
641 1625 766 1712 magnis
788 1647 942 1690 concussa
964 1624 1074 1702 ruinis,

237 1728 348 1793 subter
370 1729 427 1794 ubi
449 1730 591 1816 ingentis
613 1729 781 1815 speluncas
803 1729 932 1794 subruit
953 1737 1061 1810 aetas3

238 1833 358 1920 quippe
381 1832 501 1897 cadunt
524 1833 585 1897 toti
609 1842 735 1897 montes
757 1855 938 1920 magnoque
959 1843 1093 1918 repente

237 1958 391 2001 ooneussu
415 1935 480 2000 late
503 1936 688 2020 disserpunt
712 1936 787 2000 inde
811 1945 973 2000 tremores.

237 2049 271 2105 et
294 2041 418 2117 merito,
440 2041 592 2126 quoniam
615 2041 752 2125 plaustri
773 2063 925 2105 concussa
947 2048 1146 2105 tremescunt

238 2154 325 2209 tecta
346 2144 431 2208 viam
454 2153 585 2230 propter
607 2167 670 2208 non
693 2166 809 2231 magno
831 2144 971 2230 pondere
994 2151 1072 2219 tota,

238 2270 297 2312 nec
320 2247 427 2311 minus
450 2246 608 2322 exultant,
630 2255 668 2311 ut
691 2268 824 2332 scrupus
847 2269 985 2332 cumque
1009 2245 1074 2310 viai

239 2353 372 2417 ferratos
394 2351 558 2437 utrimque
581 2361 724 2416 rotarum
747 2351 888 2416 succutit
911 2351 1011 2416 orbes.

238 2458 276 2521 fit
299 2479 435 2542 quoque,
459 2456 515 2521 ubi
538 2456 573 2520 in
597 2478 729 2541 magnas
751 2465 854 2540 aqilae
877 2465 1048 2540 vastasque
1071 2454 1206 2518 lucunas

236 2561 332 2648 gleba
355 2569 517 2625 vetustate
541 2582 558 2624 e
581 2569 666 2624 terra
688 2558 887 2644 provolvitur
909 2560 1030 2645 ingens,

239 2672 276 2727 ιιι
299 2663 438 2726 iactetur
460 2684 562 2747 mquae
585 2662 686 2726 fluctu
710 2684 836 2747 quoque
859 2672 946 2727 terra
969 2661 1140 2739 vacillans;

150 2901 248 2950 Aeorr.
282 2904 401 2963 squamis
412 2901 481 2950 Flor.
494 2903 524 2950 31
539 2901 602 2952 Mar.
618 2901 692 2950 Jnnt.
791 2902 838 2951 533
850 2902 919 2965 fiam
932 2900 996 2949 Mar.
1008 2899 1065 2958 Ald.
1079 2899 1178 2949 liunt.
1191 2900 1335 2962 iorfluum.

186 2982 233 3031 536
251 2990 342 3031 terram
359 2983 428 3031 Flor.
440 2984 472 3031 31
487 2982 576 3031 Oamb.
592 2985 640 3031 eto.
659 2982 697 3031 ior
715 2989 801 3032 terres.
933 2982 982 3032 537
997 2996 1089 3044 supera
1104 2981 1200 3030 ivano.
1219 2981 1259 3030 ior
1275 2996 1356 3044 super.

151 3080 228 3127 supra
247 3070 283 3113 eet
300 3064 365 3113 Mar.
377 3063 451 3113 Jnnt.
462 3063 584 3126 aupere'rt
600 3064 691 3113 Lamb.
704 3069 752 3114 eto.
786 3067 894 3114 ventosis
911 3064 983 3114 Wak.
998 3064 1038 3112 for
1054 3065 1144 3122 ventis,
1160 3063 1284 3125 ‘egregie'
1297 3078 1356 3125 says

155 3145 232 3196 Laoh.
247 3145 336 3208 justly.
467 3146 514 3194 541
532 3161 714 3209 somnumque
731 3161 794 3195 sesa
810 3146 878 3194 Flor.
895 3146 926 3194 31
943 3145 1032 3194 Gamb.
1048 3147 1064 3194 3
1081 3145 1140 3196 Vat.
1159 3145 1225 3194 Mar.
1238 3145 1307 3207 vulg.
1319 3144 1357 3193 ior

153 3242 334 3276 summersosca.
372 3230 516 3276 ‘sumnurso
534 3234 607 3290 cepte
624 3227 667 3276 ie.
683 3226 775 3289 eapite.
793 3227 830 3276 sio
848 3227 919 3276 Eun.
937 3227 1069 3289 Capitium
1083 3234 1200 3276 autumes
1213 3226 1307 3290 pinue'
1319 3226 1355 3276 Is.

153 3308 227 3358 Voss.
239 3308 267 3358 in
279 3324 328 3359 ms.
340 3313 424 3359 notes.
555 3311 603 3359 542
614 3312 721 3360 similem
731 3309 804 3361 Junt.
817 3311 872 3361 first
888 3311 927 3360 ior
941 3312 1031 3360 simile.
1065 3326 1116 3361 esee
1126 3313 1168 3360 sui
1179 3310 1239 3360 Ald.
1252 3312 1265 3359 l
1279 3309 1352 3359 Jnnt.

152 3391 193 3440 ior
204 3406 254 3440 eme
265 3392 301 3440 vi.
335 3393 417 3440 simile
429 3407 478 3441 esee
490 3399 513 3440 et
523 3406 575 3453 por
586 3391 651 3440 Mar.
750 3393 798 3442 548
808 3394 920 3454 plaustri
931 3390 1012 3441 Laoh.
1023 3391 1064 3441 ior
1075 3394 1210 3454 plaustris.
1309 3392 1356 3440 550

151 3474 274 3533 exultant,
288 3479 318 3521 ut
328 3488 431 3535 tompus
442 3487 544 3535 eumque
556 3475 612 3522 viui
624 3472 671 3524 Ed.
686 3473 726 3522 ior
737 3477 877 3523 exultantes
888 3475 980 3536 dupuia
992 3488 1095 3536 cumque
1105 3475 1169 3523 uim:
1187 3488 1230 3523 see
1241 3477 1317 3523 notes
1328 3474 1355 3521 2:

151 3553 231 3603 Laoh.
243 3553 338 3616 rightly
355 3567 407 3601 saw
421 3552 480 3603 that
494 3556 546 3602 vim
561 3557 649 3603 meant
664 3556 737 3604 viai:
755 3569 783 3603 so
799 3554 847 3604 465
863 3553 916 3603 and
929 3555 977 3603 511
992 3553 1037 3604 the
1052 3568 1113 3604 msa
1128 3553 1193 3604 have
1210 3570 1300 3605 mamre
1316 3554 1355 3602 ior

152 3638 261 3692 maiorm
278 3635 326 3684 but
338 3634 382 3684 the
393 3639 446 3684 rest
457 3635 485 3684 oi
498 3634 541 3684 his
553 3636 658 3697 reading
669 3644 693 3686 et
704 3638 748 3685 ubi
761 3637 823 3699 iupi'
835 3651 936 3699 eumque
953 3650 1034 3686 seems
1051 3640 1078 3686 to
1093 3650 1135 3686 me
1150 3640 1178 3686 to
1192 3639 1295 3699 pervert
1310 3637 1354 3687 the

152 3717 282 3778 meaning,
292 3731 322 3766 as
333 3717 409 3766 Luer.
419 3715 442 3766 is
451 3717 539 3779 giving
548 3721 598 3766 two
606 3716 850 3768 distinetinstanoes
858 3719 887 3767 oi
896 3721 966 3780 great
974 3717 1068 3767 results
1080 3718 1148 3768 from
1161 3719 1239 3768 small
1252 3732 1356 3775 oensem

153 3798 205 3848 and
220 3799 241 3848 it
255 3798 340 3848 would
354 3799 385 3848 be
399 3814 415 3848 a
430 3800 511 3862 really
526 3802 675 3850 monstrons
690 3801 869 3863 exaggeration
885 3805 913 3851 to
925 3816 974 3864 say
988 3801 1046 3851 that
1060 3800 1155 3851 houses
1170 3799 1251 3850 shake
1266 3799 1296 3849 in
1313 3800 1357 3849 the

151 3897 207 3945 way
219 3896 234 3930 a
246 3881 359 3943 carriage
371 3881 440 3939 does,
453 3881 527 3931 when
542 3881 587 3932 the
601 3883 694 3933 whsels
709 3897 753 3933 are
770 3884 856 3934 struok
872 3898 908 3947 up
924 3883 958 3946 by
974 3898 990 3934 a
1004 3886 1079 3934 stone
1094 3897 1129 3933 on
1145 3882 1189 3932 the
1205 3882 1275 3934 road.
1312 3884 1355 3932 ubi

151 3980 238 4014 currus
253 3979 356 4026 eumque
371 3979 460 4026 equum
474 3966 502 4013 vi
516 3965 585 4014 Flor.
601 3966 633 4014 31
651 3965 740 4015 Gamb.
753 3965 807 4016 and
823 3968 838 4016 3
853 3965 925 4016 Vat:
943 3966 990 4016 but
1006 3964 1095 4015 Oamb.
1111 3964 1141 4014 in
1156 3968 1214 4015 text
1229 3964 1283 4016 and
1298 3965 1355 4014 Vat.

153 4048 215 4096 1136
228 4047 322 4097 Othob.
330 4046 358 4095 in
369 4061 448 4108 marg.
460 4045 526 4097 have
535 4047 591 4098 also
602 4046 647 4096 the
657 4062 707 4097 ms.
714 4047 828 4110 reading.
862 4049 906 4098 ubi
917 4062 1005 4098 sumu
1016 4061 1112 4111 euuqru
1123 4049 1240 4110 equitum
1251 4051 1280 4098 ui
1291 4047 1355 4098 Mar.

151 4130 224 4179 Junt.
236 4130 327 4180 Lamb.
339 4129 380 4179 ed.
393 4131 416 4178 1.
449 4132 493 4180 ubi
511 4145 598 4180 eurmu
610 4131 690 4194 sertis
707 4145 797 4194 equum
811 4131 851 4179 ais
868 4129 938 4180 edi
955 4129 1007 4180 and
1023 4131 1047 4189 3,
1059 4129 1194 4193 thesonis
1211 4145 1303 4194 equum
1317 4133 1357 4180 vis

151 4210 226 4272 being
238 4210 305 4260 from
317 4211 413 4262 Avano.
439 4212 574 4270 sedeamus·
585 4226 688 4274 cunque
700 4213 813 4274 equitum
822 4213 863 4260 uis
873 4210 948 4262 Wala
974 4212 1028 4261 eolo
1038 4211 1205 4273 Pisaeumque
1211 4213 1310 4273 flueren
1320 4211 1355 4259 Is.

151 4292 224 4340 Voss.
232 4291 260 4339 in
268 4304 317 4339 ms.
327 4293 413 4340 notes:
425 4289 458 4340 he
467 4290 530 4340 adds
538 4306 594 4341 eum
601 4291 668 4342 aiter
676 4293 801 4342 Ferratus.
873 4292 922 4341 553
932 4294 962 4342 in
972 4306 1074 4354 numm
1085 4295 1176 4355 uqiiee.
1211 4308 1316 4354 mequae
1328 4296 1357 4343 iu

151 4389 232 4437 aquae
244 4372 333 4424 Lamb.
347 4373 416 4435 vulg.
428 4372 513 4424 before
524 4373 604 4423 Laoh.
702 4375 750 4424 554
760 4375 885 4424 vacillum
895 4374 918 4422 B
929 4387 993 4427 corr.
1005 4373 1101 4424 Avano.
1113 4372 1155 4423 for
1166 4374 1283 4425 anciliae.
