2834 4792
474 246 529 311 III
1058 269 1118 334 149

70 429 81 472 r
104 409 190 494 quod
212 407 247 475 in
268 408 376 496 nigras
398 407 538 495 lethargi
561 407 719 493 mergitur
741 407 850 474 undas

70 512 102 577 lil
124 513 228 601 igitur
249 535 333 579 mors
355 522 406 579 est
428 514 470 578 ad
490 536 548 579 nos
571 534 676 598 neque
699 512 842 599 pertinet
864 513 978 593 hilum,
1052 519 1117 599 830

70 616 259 704 ndoquidem
281 627 398 684 natura
420 620 521 684 animi
543 620 687 686 mortalis
709 620 856 697 habetur,

70 721 145 786 'elut
166 730 316 787 anteacto
338 722 385 786 nil
407 730 552 808 tempore
574 723 734 788 sensimus
755 724 855 811 aegri,

70 825 301 913 confligendum
323 826 529 891 venientibus
551 826 694 913 undique
718 827 842 904 Poenis,

70 929 108 994 da
130 917 204 993 cum
226 929 304 994 belli
327 928 454 1015 trepido
476 950 629 993 concussa
650 929 798 994 tumultu

70 1033 128 1098 ida
149 1041 370 1098 contremuere
393 1033 454 1098 sub
476 1032 553 1097 altis
575 1031 716 1097 aetheris
739 1033 810 1110 oris,
1052 1037 1112 1116 835

70 1135 218 1222 lubioque
241 1137 330 1200 fuere
353 1144 500 1200 utrorum
522 1134 564 1200 ad
586 1158 685 1220 regna
708 1134 890 1200 cadendum

70 1240 147 1305 ‚ibus
169 1238 319 1305 humanis
341 1247 427 1304 esset
448 1249 598 1325 terraque
621 1239 775 1322 marique,

75 1344 133 1408 ubi
154 1366 220 1408 non
242 1344 370 1421 erimus,
392 1365 466 1408 cum
489 1342 628 1428 corporis
650 1350 750 1427 atque
773 1341 894 1407 animai

70 1447 168 1512 idium
190 1447 288 1512 fuerit
311 1445 429 1532 quibus
451 1468 469 1511 e
492 1467 603 1510 sumus
625 1445 734 1510 uniter
755 1443 833 1530 apti,

70 1558 120 1615 cet
141 1549 229 1615 haud
251 1549 343 1615 nobis
365 1549 547 1635 quicquam,
569 1547 712 1635 quinon
735 1548 855 1612 erimus
877 1557 958 1626 tum,
1051 1551 1115 1629 840

70 1652 140 1718 lere
162 1652 293 1717 omnino
314 1652 435 1738 poterit
456 1666 811 1737 sensumquc'movcre,

84 1757 112 1821 si
134 1765 221 1822 terra
242 1757 324 1822 mari
346 1756 535 1821 miscebitur
556 1763 591 1820 et
612 1777 701 1820 mare
724 1755 819 1821 caelo.

69 1861 81 1925 i
103 1861 169 1925 iam
191 1868 299 1925 nostro
321 1859 422 1924 sentit
444 1858 485 1924 de
507 1881 636 1945 corpore
659 1868 831 1945 postquam

70 1971 182 2028 factast
203 1962 305 2027 animi
326 1970 443 2027 natura
465 1962 656 2048 animaeque
679 1970 831 2049 potestas,

70 2079 174 2132 tamen
196 2076 246 2132 est
267 2067 309 2131 ad
331 2090 390 2132 nos
412 2067 469 2152 qui
491 2076 623 2154 comptu
645 2067 859 2154 coniugioque
1049 2072 1109 2150 845

71 2172 134 2236 oris
156 2180 255 2258 atque
278 2172 405 2237 animae
427 2172 632 2237 consistimus
654 2171 764 2236 uniter
785 2171 863 2257 apti.

84 2275 112 2340 si
134 2274 303 2340 materiem
325 2283 468 2340 nostram
489 2274 654 2362 collegerit
676 2282 765 2339 aetas

90 2378 216 2444 obitum
238 2400 429 2464 rursumque
450 2377 612 2465 redegerit
634 2387 673 2443 ut
694 2378 758 2443 sita
779 2401 867 2444 nunc
888 2387 938 2445 est

70 2504 95 2547 lc
116 2482 237 2546 iterum
259 2479 352 2546 nobis
374 2480 495 2546 fuerint
517 2481 595 2546 data
613 2480 743 2545 lumina
764 2481 860 2559 vitae,

70 2585 157 2649 ineat
180 2585 352 2670 quicquam
375 2593 486 2649 tamen
507 2586 548 2650 ad
570 2608 629 2651 nos
650 2585 684 2649 id
707 2605 834 2670 quoque
857 2584 988 2662 factum,
1048 2588 1112 2666 850

70 2697 180 2773 rrupta
201 2688 300 2752 semel
322 2709 397 2752 cum
419 2687 463 2752 sit
485 2688 667 2775 repetentia
689 2687 799 2753 nostri.

70 2814 137 2856 unc
159 2791 206 2856 nil
228 2791 270 2856 ad
291 2813 350 2856 nos
372 2790 412 2855 de
435 2792 528 2856 nobis
549 2792 679 2869 attinet,
702 2798 778 2856 ante

72 2895 201 2972 fuimus,
223 2916 320 2982 neque
342 2893 408 2959 iam
430 2895 471 2959 de
494 2896 557 2960 illis
579 2918 637 2960 nos
659 2895 769 2959 adficit
791 2916 899 2981 angor.

92 3022 165 3063 cum
188 2999 339 3086 respicias
361 2999 500 3064 inmensi
523 2998 677 3085 temporis
699 3020 794 3063 omne

71 3103 206 3168 teritum
228 3103 381 3188 spatium,
402 3111 474 3168 tum
497 3112 606 3169 motus
627 3102 776 3168 materiai
1047 3105 1107 3183 855

70 3205 194 3270 timodis
215 3229 314 3292 quam
335 3207 411 3283 sint,
433 3206 526 3271 facile
549 3207 608 3271 hoc
630 3205 800 3271 adcredere
822 3205 932 3291 possis,

70 3312 118 3374 na
139 3331 233 3395 saepe
256 3309 291 3374 in
314 3309 435 3387 eodem,
458 3317 497 3374 ut
518 3331 605 3374 nunc
627 3318 713 3386 sunt,
736 3307 847 3374 ordine
869 3317 962 3394 posta

70 3412 215 3489 cadem,
237 3412 355 3497 quibus
377 3435 396 3477 e
418 3435 504 3476 nunc
526 3433 584 3476 nos
606 3434 727 3489 sumus,
751 3419 828 3477 ante
850 3411 957 3477 fuisse.

73 3515 208 3580 memori
229 3525 341 3580 tamen
362 3515 396 3580 id
419 3514 549 3602 quimus
571 3514 824 3599 repraehendere
849 3522 977 3594 mente3

70 3641 80 3682 r
101 3618 188 3683 enim
210 3619 327 3684 iectast
349 3618 431 3683 vitai
452 3641 556 3704 pausa
577 3640 723 3705 vageque
1046 3618 1110 3684 860

70 3838 100 3872 rr.
137 3821 170 3871 ‘t
189 3823 290 3885 ptyrar’
311 3818 402 3871 Heius
425 3820 453 3868 in
472 3834 520 3872 ms.
544 3822 636 3870 notes:
658 3819 796 3870 Markland
815 3820 942 3885 proposed
961 3819 1006 3870 the
1027 3835 1107 3882 same,

70 3906 77 3953 t
93 3917 179 3953 cause.
300 3904 347 3954 835
365 3904 473 3952 aetheris
491 3904 541 3952 orte
559 3901 612 3952 Gis.
631 3902 671 3951 for
687 3903 795 3952 aetheria
812 3905 898 3962 curin
916 3902 969 3952 and
986 3916 1015 3951 so
1030 3901 1107 3953 Imcr.

69 4001 97 4037 es
108 3985 250 4038 elsewhere.
357 3985 568 4034 susurrarret
580 3984 650 4036 Nice.
665 3984 869 4035 forDietrcctue.
974 3984 1022 4036 847
1033 3991 1109 4034 mare-

70 4067 184 4118 :err'umA
195 4066 266 4117 Nice.
372 4066 419 4114 851
430 4067 569 4128 repetentia
579 4065 601 4113 B
613 4063 718 4128 rightly.
752 4066 867 4129 repentia
877 4064 899 4113 A
910 4063 981 4114 Nico.
993 4063 1061 4115 Flor.
1077 4064 1107 4113 81

70 4151 166 4200 luenda
186 4150 283 4200 Arane.
306 4149 385 4200 Lech.
424 4151 504 4198 nostri
526 4147 588 4197 Pius
610 4147 638 4196 in
660 4150 744 4207 notes,
767 4147 820 4197 (111.
843 4146 923 4197 Lech.
946 4147 987 4196 for
1008 4150 1107 4197 metris.

74 4232 171 4282 Avanc.
203 4239 290 4281 rwrtra
305 4230 369 4280 Mar.
382 4230 455 4279 Junt.
466 4229 535 4291 vulg.
666 4230 714 4279 858
725 4245 802 4292 aeque
814 4228 896 4279 added
907 4229 941 4292 by
950 4227 1031 4279 Lech.
1064 4245 1108 4279 aec

80 4309 153 4360 Junt
168 4308 237 4371 vulg.
271 4309 360 4371 adficit
371 4307 438 4358 Flor.
454 4308 485 4357 81
501 4308 572 4358 Mon.
586 4307 663 4358 Pont.
675 4307 715 4357 for
729 4308 829 4371 adfigit.
960 4306 1008 4356 856
1023 4309 1108 4358 multi-

70 4428 79 4443 .
98 4389 162 4440 with
178 4388 341 4440 Wakefield’s
357 4392 378 4439 Δ
395 4389 435 4438 for
450 4390 600 4439 multimdi.
721 4388 769 4438 858
787 4386 854 4454 (865)
872 4387 1031 4439 transferred
1047 4387 1107 4440 here
