2834 4792
624 195 642 259 I

135 349 296 417 transire?
329 351 416 418 haud
439 355 507 418 ulla
527 355 598 420 fieri
619 356 744 422 ratione
767 357 900 424 videres.

134 454 275 540 denique
297 478 355 520 cur
375 457 455 522 alias
476 458 549 523 aliis
569 469 733 544 praestare
756 461 903 527 videmus

137 556 276 642 pondere
299 580 350 624 res
371 559 468 625 rebus
489 561 557 626 nilo
579 562 698 628 maiore
720 565 849 652 figura?

136 682 212 725 nam
234 661 262 726 si
284 664 510 730 tantundemst
531 665 566 730 in
589 666 681 731 lanae
703 668 844 755 glomere
867 680 1026 754 quantum

27 852 33 861 .
137 765 277 850 corporis
299 766 334 830 in
356 768 490 853 plumbo
512 778 571 848 est,
594 772 788 838 tantundem
810 773 950 859 pendere
973 797 1032 860 par
1054 784 1112 852 est,

136 868 275 953 corporis
297 869 469 937 officiumst
492 872 644 958 quoniam
665 896 811 959 premere
833 876 942 940 omnia
964 875 1120 954 deorsum,

138 982 249 1035 contra
271 981 382 1037 autem
404 983 522 1039 natura
543 984 654 1042 manet
676 977 745 1042 sine
767 978 907 1063 pondere
930 978 1044 1044 inanis.

51 1135 55 1139 ,
140 1094 216 1160 ergo
237 1076 323 1160 quod
345 1086 532 1164 magnumst
554 1101 655 1166 aeque
678 1081 844 1167 leviusque
866 1081 1005 1159 videtur,

141 1177 295 1243 nimirum
316 1180 391 1266 plus
413 1203 482 1246 esse
505 1182 567 1247 sibi
589 1182 875 1267 declarat‚inanis;

137 1290 305 1368 utcontra
325 1284 456 1370 parius
476 1286 550 1370 plus
572 1287 607 1350 in
630 1309 663 1352 se
686 1287 824 1373 corporis
846 1310 914 1353 esse

140 1383 267 1461 dedicat
289 1395 324 1452 ct
347 1372 451 1453 multo
473 1389 568 1454 vacui
589 1389 698 1463 minus
719 1390 810 1454 intus
832 1390 957 1457 habere.

139 1495 189 1552 est
211 1488 313 1575 igitur
334 1490 489 1556 nimirum
511 1492 545 1557 id
568 1493 654 1578 quod
676 1493 800 1558 ratione
822 1493 930 1581 sagaci

24 1584 29 1591 ’
138 1593 330 1675 quaerimus,
352 1594 534 1659 admixtum
555 1596 661 1672 rebus,
676 1595 770 1682 'quod
794 1596 889 1661 inane
912 1618 1068 1664 vocamus.

182 1694 270 1761 Illud
291 1696 327 1761 in
348 1697 399 1763 his
420 1699 517 1764 rebus
539 1721 580 1764 ne
603 1707 637 1764 te
659 1697 816 1764 deducere
840 1722 915 1765 vero

102 1864 106 1871 ,
137 1799 245 1883 possit,
268 1802 507 1887 quodquidam
529 1803 668 1891 fingunt,
688 1826 892 1889 praecurrere
915 1825 1015 1891 cogor.

142 1904 254 1970 cedere
275 1907 487 1995 squamigeris
507 1908 622 1989 latices
644 1909 826 1974 nitentibus
848 1909 941 1974 aiunt

142 2017 176 2074 et
198 2009 338 2096 liquidas
358 2012 484 2098 aperire
507 2013 583 2091 vias,
606 2013 683 2100 quia
704 2024 777 2099 post
800 2013 868 2078 loca
889 2013 993 2099 pisces

142 2113 299 2199 linquant,
322 2137 386 2200 quo
408 2115 532 2202 possint
555 2117 706 2183 cedentes
728 2116 888 2182 confluere
911 2117 1036 2195 undae3

142 2217 188 2282 sic
209 2218 289 2282 alias
311 2240 438 2304 quoque
460 2241 511 2285 res
533 2219 619 2285 inter
641 2243 674 2285 se
696 2242 789 2306 posse
811 2219 932 2284 moveri

142 2333 176 2384 et
199 2329 326 2386 mutare
348 2322 461 2398 locum,
487 2323 634 2408 quamvis
656 2323 723 2388 sint
746 2323 853 2388 omnia
875 2322 977 2408 plena.

141 2423 263 2490 scilicet
286 2425 320 2490 id
342 2425 422 2490 falsa
445 2434 551 2491 totum
573 2426 698 2492 ratione
720 2434 928 2512 receptumst.

143 2549 219 2591 nam
241 2514 526 2614 quo⁸squamigeri
547 2537 703 2613 poterunt
724 2527 894 2615 procedere
918 2526 1059 2605 tandem,

142 2627 177 2691 ni
199 2628 342 2713 spatium
365 2627 514 2693 dederint
537 2629 672 2694 latices?
703 2627 874 2693 concedere
896 2649 990 2713 porro

144 2753 208 2817 quo
229 2738 384 2818 poterunt
406 2732 522 2809 undae,
544 2755 618 2797 cum
640 2734 743 2818 pisces
765 2733 812 2796 ire
833 2732 1043 2817 nequibunt?

144 2843 202 2901 aut
224 2835 326 2924 igitur
347 2847 439 2902 motu
463 2836 688 2922 privandumst
710 2858 841 2922 corpora
863 2858 1009 2921 quaeque

142 2947 202 3005 aut
224 2962 293 3006 esse
314 2940 498 3007 admixtum
521 2941 730 3007 dicundumst
752 2941 850 3006 rebus
872 2940 968 3005 inane

144 3041 230 3109 unde
251 3044 374 3109 initum
394 3045 537 3130 primum
559 3046 666 3131 capiat
689 3067 740 3110 res
763 3066 910 3130 quaeque
933 3043 1092 3111 movendi.

143 3155 306 3234 postremo
327 3149 392 3213 duo
414 3149 456 3214 de
478 3170 633 3214 concursu
656 3171 789 3234 corpora
814 3148 880 3212 lata

143 3250 260 3317 sinito
281 3250 450 3327 dissiliant,
472 3274 589 3338 nempe
612 3275 667 3317 aer
690 3274 784 3316 omne
807 3261 976 3328 necessest,

88 3432 94 3443 Ι
144 3354 231 3420 inter
252 3376 383 3441 corpora
405 3356 490 3441 quod
512 3356 580 3432 fiat,
602 3356 746 3442 possidat
768 3357 873 3421 inane.

144 3456 173 3523 is
194 3479 288 3543 porro
310 3458 457 3544 quamvis
479 3458 599 3525 circum
621 3460 837 3525 celerantibus
859 3458 946 3523 auris

145 3562 294 3639 confluat,
316 3562 405 3627 haud
426 3563 546 3648 poterit
569 3569 679 3628 tamen
702 3584 767 3627 uno
789 3570 933 3646 tempore
957 3568 1064 3624 totum

145 3665 298 3752 compleri
318 3666 480 3753 spatium
510 3689 586 3731 nam
609 3666 750 3752 primum
774 3686 934 3752 quemque
959 3670 1121 3728 necessest

144 3778 280 3857 occupet
299 3768 356 3835 ills
377 3770 493 3847 locum,
516 3769 633 3834 deinde
655 3769 764 3834 omnia
784 3767 1017 3855 possideantur.
1198 3784 1260 3848 390

53 3950 131 4001 Gots.
147 3948 189 4000 lor
197 3950 262 4013 ‚aad
277 3948 343 4000 have
359 3951 473 4000 onlnem
487 3949 571 4000 which
587 3964 695 4013 appears
709 3952 738 3999 to
752 3963 824 3999 come
838 3949 905 3997 from
919 3961 986 3998 unm
1001 3946 1074 3997 twice
1090 3945 1192 3996 written
1209 3947 1261 3996 and

53 4044 162 4082 mm:
183 4034 229 4093 yet
243 4030 361 4093 Bernays
376 4030 406 4081 in
421 4029 470 4081 666
485 4029 560 4081 reads
577 4046 628 4093 qna
644 4045 749 4093 corpora
768 4044 880 4092 quaeque
899 4031 1013 4078 valerent
1031 4029 1071 4077 for
1091 4042 1142 4089 qna
1159 4035 1261 4090 possent

54 4131 77 4166 c.
93 4129 118 4177 q.
232 4112 282 4163 666
291 4112 406 4163 AtFlor.
416 4112 450 4163 60
460 4126 525 4163 corr.
538 4111 604 4178 (cod.
616 4112 698 4174 Nico.)
710 4111 763 4162 and
773 4112 841 4164 Flor.
855 4113 886 4160 31
898 4111 938 4161 for
953 4118 1006 4161 ant.
1124 4110 1172 4162 367
1186 4113 1261 4159 vacui

55 4198 141 4246 mium
154 4194 232 4247 Pont.
245 4192 321 4245 sunt.
329 4192 423 4245 Immb.
433 4196 482 4245 sto.
493 4194 534 4245 lor
548 4196 648 4244 necuim
662 4196 743 4244 minus
757 4195 789 4243 B.
801 4193 854 4243 and
869 4193 941 4243 Gott.
974 4207 1081 4241 omnum
1090 4191 1166 4247 Wak.
1178 4191 1258 4243 Lech.

54 4280 106 4328 etc.
117 4275 202 4329 retain
215 4274 326 4337 vitu.
335 4274 382 4327 the
396 4274 456 4327 Ital.
468 4276 521 4326 and
536 4276 626 4326 (lamb.
637 4290 699 4325 mss.
813 4276 863 4324 384
877 4289 999 4324 concursu
1015 4273 1086 4323 Gott.
1102 4286 1128 4335 p.
1139 4288 1174 4328 m,
1188 4274 1257 4325 Flor.

55 4360 91 4412 30
106 4374 170 4412 corr.
188 4358 231 4419 ⁸1,
246 4356 325 4411 Porri.
341 4356 407 4409 Mar.
424 4358 498 4409 «lunt.
515 4359 556 4409 for
571 4373 697 4409 concurro.
819 4359 867 4408 389
885 4371 1011 4420 querque.
1054 4371 1166 4419 querque
1183 4357 1260 4407 Pont.

1081 4457 1168 4519 4-s
