2834 4792
199 521 307 585 mollia
329 543 404 584 eum
427 519 559 585 faciunt.
603 542 680 584 nam
702 541 814 585 sensus
835 520 985 608 iungitur
1007 522 1111 588 omnis

200 622 374 688 visceribus
396 622 503 687 nervis
525 622 625 699 venis,
648 643 731 708 quae
753 621 870 709 cuique
893 623 1039 689 videmus

199 727 309 792 mollia
330 726 459 791 mortali
479 726 653 790 consistere
676 747 805 811 oorpme
828 738 922 790 oreta

198 830 254 895 sed
277 840 387 896 tamen
411 838 480 894 esto
502 829 568 894 iam
590 851 682 915 posse
705 829 784 895 haec
806 837 939 894 aeterna
960 851 1109 895 manere:

196 957 312 1020 nempe
335 944 445 1000 tamen
467 933 589 999 debent
611 943 669 998 aut
691 955 820 998 sensum
843 934 945 1020 partis
967 934 1085 1000 habere

197 1049 255 1104 aut
277 1038 376 1102 simili
398 1037 476 1103 totis
498 1036 692 1102 animalibus
714 1059 783 1102 esse
805 1037 922 1122 putari.

198 1152 233 1207 at
256 1150 419 1228 nequeant
441 1164 499 1227 per
521 1163 555 1206 se
577 1150 687 1226 partes
709 1140 829 1205 sentire
852 1163 980 1206 neeesse
1003 1150 1071 1221 est3

199 1268 337 1331 namque
360 1245 423 1309 alio
445 1266 557 1309 sensus
580 1243 798 1309 membrorum
821 1244 952 1329 respicit
973 1245 1087 1322 omnis,

197 1371 257 1414 nec
279 1370 396 1413 manus
418 1369 438 1410 a
459 1346 552 1411 nobis
574 1346 660 1431 potis
682 1354 731 1411 est
754 1355 878 1411 secreta
899 1369 1004 1433 neque
1027 1348 1096 1413 ulla

197 1451 335 1537 eorporis
358 1449 489 1514 omnino
510 1471 640 1514 sensum
663 1471 737 1535 pars
758 1449 826 1515 sola
847 1459 966 1515 tenere.

199 1555 358 1640 linquitur
379 1562 417 1617 ut
440 1552 518 1617 totis
541 1552 762 1617 animantibus
783 1553 1027 1619 adsimulentur.

110 1675 173 1741 923
198 1657 243 1722 sie
265 1657 380 1722 itidem
404 1678 486 1742 quae
508 1655 666 1721 sentimus
688 1656 807 1720 sentire
830 1666 998 1734 necessest,

111 1777 172 1844 915
198 1760 291 1824 vitali
313 1769 352 1825 ut
373 1759 497 1844 possint
519 1759 699 1824 consentire
721 1759 865 1845 undique
887 1782 992 1826 sensu.

198 1864 254 1951 qui
277 1871 430 1949 poterunt
453 1862 554 1949 igitur
576 1886 683 1928 rerum
706 1863 880 1948 primordia
902 1862 965 1928 dici

197 1977 231 2032 et
254 1967 312 2031 leti
334 1967 438 2031 vitare
462 1965 537 2041 vias,
561 1965 713 2030 animalia
735 1989 808 2030 oum
832 1966 907 2045 sint,

196 2070 300 2155 adque
323 2067 476 2133 animalia
497 2069 561 2133 aiat
583 2068 774 2133 mortalibus
796 2091 862 2132 una
884 2069 1088 2155 eademque?

196 2174 281 2260 quod
304 2182 413 2238 tamen
436 2182 475 2237 ut
497 2172 629 2257 possint,
651 2180 686 2236 at
709 2181 803 2238 coetu
826 2173 1022 2260 concilioque

109 2295 175 2362 920
197 2278 243 2342 nil
267 2276 385 2342 facient
408 2284 536 2362 praeter
558 2275 689 2361 volgum
712 2276 907 2361 turbamque
929 2276 1147 2355 animantum,

195 2381 317 2445 scilicet
340 2387 378 2444 ut
400 2387 563 2463 nequeant
586 2377 731 2442 homines
753 2387 900 2443 armenta
922 2379 1070 2464 feraeque

197 2485 282 2549 inter
304 2505 372 2547 sese
395 2482 495 2545 ullam
517 2503 585 2545 rem
608 2479 741 2566 gignere
764 2480 993 2545 conveniundo.

110 2607 176 2671 924
199 2587 283 2675 quod
306 2586 333 2651 si
356 2587 439 2649 forte
461 2596 556 2648 suum
580 2583 754 2648 dimittunt
777 2607 907 2670 corpore
929 2608 1059 2650 sensum

197 2701 295 2777 atque
318 2690 416 2755 alium
441 2689 583 2775 capiunt,
607 2690 684 2774 quid
707 2712 789 2774 opus
812 2690 874 2754 fuit
897 2691 1041 2756 adtribui
1062 2691 1097 2757 id
1119 2695 1206 2779 quod
1250 2697 1349 2778 95

195 2796 403 2862 detrahitur?
433 2803 504 2859 tum
528 2803 789 2881 praetereaque
813 2796 957 2882 fugimus
979 2807 1066 2874 ante,

196 2907 357 2986 quatenus
379 2899 413 2962 in
436 2897 540 2983 pullos
562 2897 712 2962 animalis
734 2899 853 2963 vertier
874 2922 934 2964 ova

195 3001 355 3067 cernimus
377 2999 517 3063 alituum
541 3000 722 3085 vermisque
745 3002 905 3078 effervere,
928 3010 1048 3067 terram

195 3104 441 3189 intempestivos
463 3125 560 3188 quom
584 3113 681 3189 putor
702 3105 789 3190 oepit
812 3106 852 3169 ob
875 3106 996 3183 imbris,

195 3208 273 3272 seire
296 3207 372 3271 lieet
394 3206 486 3293 gigni
508 3228 599 3291 posse
622 3230 660 3271 ex
684 3230 748 3271 non
771 3209 910 3273 sensibu'
933 3232 1052 3276 sensus,
1248 3211 1349 3297 93

237 3311 332 3392 Quod
355 3309 383 3374 si
406 3310 488 3374 19119
510 3310 628 3395 aliquis
650 3310 737 3375 dicet
759 3312 931 3377 dumtaxat
954 3314 1027 3376 oriri

140 3563 188 3614 905
200 3564 288 3626 coique
300 3562 349 3611 Ed.
362 3563 522 3626 1919991999.
556 3562 738 3612 999919119911.
870 3564 917 3614 909
928 3565 1008 3613 simili
1021 3563 1100 3615 Laeh.
1115 3564 1271 3617 1911191111.

141 3647 188 3698 910
204 3649 239 3695 At
256 3644 320 3696 Mar.
338 3646 411 3695 Junt.
429 3645 469 3694 for
485 3648 545 3694 Aut.
648 3646 695 3696 911
713 3647 765 3694 aiio
782 3643 862 3694 Laoh.
880 3645 1009 3704 toralias,
1028 3649 1131 3709 respicit
1148 3648 1189 3698 191
1204 3653 1349 3713 respuis

107 3732 175 3780 Nam
191 3732 258 3779 ratio
274 3730 352 3779 Bam.
371 3728 411 3778 1ο1
427 3729 541 3792 Namque
558 3731 630 3787 aiios,
648 3728 776 3790 retaining
792 3730 894 3792 respuit.
1026 3729 1074 3780 915
1092 3728 1161 3795 (923)
1195 3731 1209 3779 Ι
1226 3727 1349 3782 tollo*

107 3814 185 3862 Bern.
197 3811 225 3861 in
237 3811 340 3875 placing
351 3811 405 3861 this
416 3826 487 3861 verse
498 3811 567 3874 11919,
582 3811 668 3862 1911191
679 3811 745 3861 than
756 3811 837 3861 Laoh.
849 3811 907 3862 who
918 3813 1007 3862 makes
1018 3812 1039 3862 it
1050 3812 1137 3863 follow
1147 3814 1196 3866 916
1209 3817 1289 3882 (915).

141 3895 188 3946 919
205 3895 330 3943 animalia
346 3896 398 3943 1191
413 3892 492 3942 119911.
511 3893 551 3941 1ο1
568 3895 734 3942 9919911991
752 3907 835 3955 comp.
852 3893 900 3942 458
917 3893 970 3943 and
987 3909 1013 3942 1v
1031 3895 1077 3945 st:
1094 3896 1147 3944 sint
1161 3910 1215 3945 was
1232 3895 1349 3949 added

106 3976 140 4039 by
159 3976 224 4025 Mar.
242 3973 294 4024 and
310 3974 383 4025 tunt.
484 3975 532 4024 920
549 3981 663 4022 9119919
679 3974 751 4023 Mon.
770 3973 847 4024 Laoh.
869 3973 909 4024 191
925 3976 1065 4026 91991919.
1101 3977 1134 4024 ab
1151 3985 1221 4027 coetu
1240 3975 1349 4030 tunt?

106 4064 223 4106 concretu
239 4054 351 4104 Politian
368 4054 397 4103 in
413 4068 493 4116 marg.
511 4055 580 4104 Flor.
599 4056 639 4105 29.
777 4056 825 4106 922
841 4064 975 4118 nequeant.
1010 4065 1136 4120 nequeant
1152 4057 1205 4107 eit.
1222 4059 1317 4111 BentL
1338 4078 1349 4094 ·

107 4138 203 4188 Lech:
220 4137 266 4187 but
277 4136 321 4186 the
332 4136 457 4199 potential
468 4135 490 4184 is
501 4135 528 4185 in
540 4137 622 4198 plane.
743 4137 790 4188 928
803 4153 850 4201 qno
857 4140 970 4201 fnpimus
983 4138 1056 4188 wile
1072 4139 1113 4188 191
1125 4139 1349 4204 999919919919

107 4221 192 4270 which
202 4219 282 4270 Laah.
294 4220 322 4268 in
334 4219 396 4269 vain
407 4218 525 4268 defends:
543 4218 589 4268 the
599 4223 660 4282 post
671 4219 750 4267 refers
761 4222 788 4268 to
800 4222 848 4272 870
860 4234 923 4282 sqq,
936 4225 982 4271 not
994 4225 1021 4270 to
1038 4223 1094 4271 886.
1129 4225 1195 4284 qnod
1206 4224 1349 4276 vicima!

105 4301 154 4353 Ed.
174 4301 202 4350 in
220 4299 295 4350 small
312 4300 351 4351 ed.
450 4302 497 4351 928
514 4302 638 4362 effervere,
657 4308 748 4350 terram
764 4304 953 4365 Intempestivos
971 4318 1043 4364 quom
1062 4301 1135 4369 (enm)
1149 4313 1228 4367 petor
1245 4304 1333 4370 cepit

105 4385 170 4434 Mar.
188 4385 229 4434 191
245 4386 361 4447 effervere
382 4390 400 4432 t.
422 4385 614 4446 Intempestivos
632 4399 706 4447 quam
719 4400 746 4447 p.
768 4387 834 4447 oepit
850 4385 880 4445 A,
900 4388 980 4448 eoepit
997 4386 1028 4435 B.
1107 4388 1223 4448 effervere
1242 4390 1308 4440 Nioo
1319 4415 1332 4430 ο
