2834 4792
644 253 694 319 IV

157 418 273 503 pocula
294 415 414 494 crebra,
435 424 603 501 unguenta
624 437 757 480 coronae
781 423 867 480 serta
888 422 1056 500 parantur,

157 520 365 606 nequiquam,
389 518 541 604 quoniam
565 517 672 582 medio
694 516 734 581 de
758 517 846 581 fonte
871 517 1015 600 leporum

158 623 263 710 surgit
284 621 387 686 amari
409 621 527 707 aliquit
549 620 636 706 quod
658 619 693 683 in
715 619 795 705 ipsis
817 619 949 684 floribus
971 627 1080 705 angat,

158 737 217 789 aut
238 748 313 790 cum
335 724 480 789 conscius
502 724 572 810 ipse
594 722 722 787 animus
743 746 778 788 se
801 725 883 788 forte
906 722 1067 786 remordet
1194 735 1272 803 1135

159 827 316 892 desidiose
338 849 434 914 agere
456 835 598 892 aetatem
624 825 799 912 lustrisque
821 826 934 911 perire,

158 939 217 995 aut
239 932 325 1017 quod
348 931 383 994 in
405 929 558 1017 ambiguo
580 931 715 995 verbum
738 930 879 995 iaculata
900 928 1033 1015 reliquit

159 1034 245 1120 quod
267 1034 384 1120 cupido
405 1033 549 1098 adfixum
571 1033 658 1098 cordi
680 1033 814 1098 vivescit
837 1042 875 1098 ut
897 1032 990 1119 ignis,

159 1146 218 1201 aut
239 1137 378 1200 nimium
400 1136 519 1202 iactare
542 1136 650 1201 oculos
671 1137 813 1200 aliumve
837 1135 923 1200 tueri

160 1240 246 1326 quod
268 1247 366 1325 putat
387 1239 423 1303 in
444 1239 599 1323 voltuque
621 1239 712 1303 videt
734 1238 872 1325 vestigia
893 1237 984 1302 risus.
1196 1253 1277 1316 1140

202 1344 311 1428 Atque
336 1343 371 1406 in
393 1365 501 1407 amore
523 1343 609 1407 mala
631 1343 710 1408 haec
732 1344 859 1428 proprio
881 1363 1071 1426 summeque
1095 1339 1235 1404 secundo

159 1447 387 1527 inveniuntur;
417 1447 452 1511 in
474 1448 608 1512 adverso
631 1470 706 1511 vero
728 1458 827 1533 atque
850 1447 939 1531 inopi
962 1454 1047 1522 sunt,

159 1551 314 1637 prendere
338 1573 421 1636 quae
443 1550 543 1636 possis
566 1551 730 1616 oculorum
754 1551 876 1615 lumine
899 1557 1020 1635 operto,

159 1654 426 1734 innumerabilia3
454 1663 493 1718 ut
515 1654 631 1718 melius
653 1654 787 1741 vigilare
809 1655 853 1719 sit
875 1664 961 1730 ante,

158 1780 225 1843 qua
245 1757 340 1822 docui
361 1757 495 1834 ratione,
517 1780 693 1844 cavereque
716 1781 757 1823 ne
779 1758 940 1823 inliciaris.

159 1882 235 1924 nam
257 1859 370 1936 vitare,
392 1859 504 1945 plagas
526 1860 561 1923 in
583 1861 700 1924 amoris
721 1883 762 1925 ne
785 1860 948 1936 iaciamur,

158 1984 223 2026 non
245 1961 292 2027 ita
314 1961 443 2026 difficile
465 1970 516 2026 est
538 1985 636 2048 quam
658 1973 791 2048 captum
813 1963 938 2027 retibus
960 1960 1039 2047 ipsis

158 2064 245 2129 exire
267 2073 302 2129 et
324 2065 447 2130 validos
469 2066 605 2131 Veneris
627 2089 832 2153 perrumpere
854 2066 961 2130 nodos.

158 2178 192 2233 et
214 2176 325 2233 tamen
346 2168 525 2256 implicitus
548 2192 675 2256 quoque
698 2171 799 2257 possis
821 2171 919 2256 inque
941 2169 1072 2255 peditus

157 2271 300 2356 effugere
322 2272 486 2351 infestum,
508 2274 572 2338 nisi
593 2283 666 2339 tute
688 2275 751 2338 tibi
772 2274 885 2338 obvius
902 2274 1015 2347 ,obstes

159 2388 193 2440 et
215 2377 457 2461 praetermittas
478 2378 580 2443 animi
603 2379 683 2443 vitia
705 2379 812 2443 omnia
835 2379 977 2464 primum

156 2486 216 2542 aut
239 2502 320 2564 quae
343 2480 474 2565 eorpori'
497 2491 575 2546 sunt
597 2482 675 2557 eiua,
697 2483 824 2567 siquam
847 2482 932 2567 petis
954 2504 991 2545 ac
1014 2481 1069 2545 via

159 2605 235 2646 nam
258 2584 382 2648 faciunt
405 2584 551 2650 homines
572 2585 763 2671 plerumque
785 2586 936 2672 cupidine
960 2585 1054 2661 caeci,

156 2695 193 2750 et
215 2686 365 2751 tribuunt
388 2709 531 2774 eaquae
553 2682 618 2753 hon
640 2698 716 2754 sunt
739 2690 789 2753 his
812 2689 978 2754 commoda
1000 2710 1082 2753 vere.

159 2789 360 2854 multimodis
382 2790 485 2877 igitur
506 2813 621 2876 pravas
643 2793 811 2878 turpisque
834 2793 981 2857 videmus

157 2915 228 2958 esse
250 2894 285 2958 in
307 2894 431 2959 deliciis
453 2918 642 2982 summoque
665 2897 700 2961 in
722 2897 841 2960 honore
863 2897 979 2983 vigere.

157 3007 257 3082 atque
280 2998 360 3062 alios
381 2999 438 3063 alii
459 2999 602 3065 inrident
625 3001 848 3085 Veneremque
871 3000 1010 3065 shadent

159 3109 198 3164 ut
220 3100 358 3186 placent,
381 3104 531 3188 quoniam
556 3105 648 3170 foedo
670 3105 878 3169 adflictentur
900 3125 1016 3180 amore,

159 3226 218 3268 nec
240 3227 299 3269 sua
320 3206 497 3291 respiciunt
519 3208 628 3272 miseri
651 3208 735 3272 mala
756 3207 897 3271 maxima
919 3228 1022 3292 saepe.

158 3307 251 3394 nigra
273 3308 445 3373 melichrus
468 3319 525 3386 est,
547 3311 705 3375 inmunda
726 3318 760 3374 et
783 3310 884 3374 fetida
906 3331 1056 3386 acosmos,

159 3411 264 3475 caesia
286 3411 476 3489 Palladium,
497 3436 632 3477 nervosa
653 3423 687 3478 et
710 3414 818 3500 lignea
839 3414 958 3489 dorcas,

158 3513 301 3600 parvula,
324 3514 468 3599 pumilio,
491 3518 638 3581 chariton
660 3518 734 3592 mia,
757 3526 828 3581 tota
850 3538 974 3579 merum
997 3514 1052 3590 sal,

159 3640 278 3705 magna
299 3628 398 3701 atque
420 3619 560 3683 inmanis
582 3620 759 3705 cataplexis
781 3619 940 3705 plenaque
963 3618 1100 3682 honoris.

158 3720 255 3786 balba
277 3721 365 3806 loqui
385 3744 450 3786 non
473 3723 553 3807 quit,
577 3724 712 3799 traulizi,
736 3735 829 3788 muta
850 3723 975 3809 pudens
996 3730 1064 3800 est;

158 3832 194 3888 at
217 3823 355 3910 flagrans
377 3825 487 3888 odiosa
508 3825 676 3912 loquacula
699 3826 914 3912 Lampadium
937 3826 983 3890 fit.
1193 3825 1271 3903 1165

157 3927 292 3992 ischnon
314 3929 498 3993 eromenion
520 3938 592 3994 tum
614 3932 661 4006 fit,
685 3954 759 3995 cum
782 3930 889 3996 vivere
912 3953 976 3994 non
999 3929 1071 4015 quit

114 4079 168 4127 1141
185 4081 254 4128 rulo
265 4081 325 4129 hoec
336 4079 405 4129 Flor.
420 4083 451 4130 31
463 4082 552 4132 Gamb.
565 4085 580 4131 2
592 4083 649 4135 Vat.
663 4084 739 4134 Pout.
752 4084 817 4133 Mar.
829 4083 944 4132 formale
957 4084 1025 4132 hoec.
1131 4079 1195 4128 1145
1211 4080 1272 4128 ioli-

115 4164 151 4211 rr'a
172 4160 231 4212 ΔΜ.
257 4163 280 4220 1,
304 4164 344 4214 ill.
369 4163 434 4213 Mar.
458 4164 530 4214 Junt.
556 4165 596 4214 for
617 4167 777 4228 inlipuiaria:
806 4179 835 4215 so
857 4179 889 4213 111
911 4165 959 4213 553
985 4165 1117 4225 linquatur
1142 4176 1204 4212 mss.
1232 4161 1273 4210 lor

114 4251 194 4294 antur.
272 4243 599 4295 mereamurque.
631 4249 668 4294 Et
679 4246 755 4295 Pont.
767 4246 832 4295 Mar.
868 4247 929 4294 Tam
940 4245 1049 4307 Nauger.
1063 4243 1131 4304 vulg.
1164 4244 1274 4306 siquam

115 4329 138 4376 ir
155 4324 235 4375 uach.
253 4324 293 4374 lor
314 4341 389 4388 quom
401 4330 530 4390 praepetis
548 4328 571 4376 Δ
587 4327 658 4377 Nice.
675 4327 746 4377 Flor.
763 4329 794 4377 31
815 4326 903 4377 (lamb.
932 4342 1013 4395 ‘quom
1026 4327 1110 4389 precia
1129 4324 1161 4374 B.
1198 4338 1273 4387 quam

114 4407 187 4470 cupis
198 4403 290 4456 hamb.
392 4406 456 4457 1156
466 4408 565 4458 deliciis
578 4407 665 4458 (lamb.
680 4407 745 4456 Mar.
756 4407 797 4456 lor
808 4408 917 4456 delictis.

1240 4498 1352 4531 -n
