2804 4786
657 226 709 293 IV

172 414 274 479 usque
296 391 377 456 adeo
398 389 508 476 magni
531 392 629 456 refert
651 391 798 455 studium
819 399 918 476 atque
942 391 1105 476 voluptas,

172 504 205 560 et
228 495 346 580 quibus
370 494 405 557 in
427 493 524 558 rebus
546 495 730 558 consuerint
752 515 821 558 esse
843 494 969 578 operati
1234 499 1296 578 985

172 620 236 662 non
259 597 406 661 homines
428 596 532 661 solum
555 596 611 661 sed
636 619 711 661 vero
734 596 888 661 animalia
909 606 1035 662 cuncta

172 700 293 787 quippe
316 699 441 764 videbis
463 721 563 785 equos
585 700 685 776 fortis,
707 722 781 764 cum
804 700 950 765 membra
971 700 1139 780 iacebunt,

171 803 207 867 in
228 802 348 867 somnis
370 801 486 867 sudare
508 812 619 866 tamen
642 803 828 888 spirareque
850 825 978 889 semper

172 916 206 971 et
228 906 320 990 quasi
342 905 383 970 de
404 905 514 990 palma
535 927 678 970 summas
700 907 894 971 contendere
916 907 1001 985 viris,

172 1017 229 1073 aut
252 1007 344 1094 quasi
367 1007 547 1072 carceribus
568 1008 741 1094 patefactis

84 1131 150 1197 999
172 1119 413 1195 venantumque
436 1131 530 1174 canes
552 1110 587 1174 in
609 1111 698 1174 molli
720 1133 816 1196 saepe
838 1111 950 1197 quiete

85 1235 144 1300 991
171 1215 294 1279 iactant
317 1236 409 1277 crura
431 1222 541 1278 tamen
564 1214 672 1279 subito
694 1215 844 1299 vocisque
866 1223 1001 1300 repente

171 1318 310 1381 mittunt
333 1325 367 1380 et
389 1315 500 1380 crebro
521 1317 704 1381 redducunt
725 1317 858 1382 naribus
880 1340 985 1395 auras,

171 1430 208 1485 ut
230 1419 369 1505 vestigia
391 1418 418 1482 si
441 1427 575 1482 teneant
596 1420 730 1483 inventa
753 1420 901 1496 ferarum,

171 1522 452 1610 expergefactique
475 1515 629 1587 secuntur
650 1523 761 1587 inania
783 1545 879 1608 saepe
1231 1543 1292 1608 995

84 1644 144 1712 995
171 1648 336 1692 cervorum
359 1625 538 1704 simulacra,
561 1626 657 1711 fugae
680 1625 773 1711 quasi
794 1626 906 1691 dedita
928 1635 1071 1704 cernant,

170 1731 271 1795 donec
293 1729 445 1793 discussis
468 1729 603 1794 redeant
625 1731 786 1795 erroribus
809 1731 850 1794 ad
872 1753 914 1795 se.

170 1843 205 1900 at
227 1841 382 1898 consueta
403 1833 491 1896 domi
513 1834 696 1898 catulorum
719 1833 839 1898 blanda
859 1855 1003 1920 propago

83 1944 147 2024 998
170 1939 333 2003 discutere
356 1945 390 2002 et
412 1959 528 2022 corpus
550 1937 590 2002 de
614 1947 699 2002 terra
722 1939 879 2022 corripere
901 1938 1027 2003 instant
1230 1957 1293 2022 999

170 2042 303 2128 proinde
326 2041 417 2127 quasi
439 2041 567 2128 ignotas
589 2041 686 2106 facies
708 2050 807 2128 atque
829 2064 886 2106 ora
907 2050 1054 2107 tuantur.
1212 2061 1292 2123 1004

169 2155 203 2211 et
226 2169 290 2231 quo
312 2167 458 2230 quaeque
480 2145 585 2231 magis
607 2154 685 2211 sunt
707 2167 820 2230 aspera
841 2145 1062 2221 seminiorum,

170 2259 238 2314 tarn
262 2249 365 2336 magis
387 2249 565 2313 insomnis
587 2250 700 2314 eadem
723 2249 845 2314 saevire
867 2257 1041 2313 necessust.
1124 2296 1127 2301 -

169 2362 204 2418 at
226 2353 333 2417 variae
357 2352 488 2435 fugiunt
511 2353 655 2417 volucres
676 2352 850 2438 pinnisque
872 2345 1034 2438 repentest

169 2456 344 2521 sollicitant
366 2455 475 2520 divom
498 2464 655 2520 nocturno
677 2464 824 2541 tempore
847 2456 943 2532 laeua,

170 2558 339 2643 accipitres
361 2579 472 2622 somno
495 2557 529 2620 in
551 2558 616 2622 leni
640 2557 667 2622 si
689 2557 811 2643 proelia
831 2579 958 2644 pugnas

169 2663 263 2727 edere
285 2670 363 2726 sunt
385 2669 607 2747 persectantes
629 2662 782 2746 visaeque
804 2662 956 2726 volantes.
1166 2704 1168 2708 ,
1210 2682 1286 2729 1010

168 2787 260 2850 porro
283 2763 451 2827 hominum
473 2772 609 2838 mantea,
633 2765 760 2851 magnis
781 2786 866 2850 quae
889 2764 1032 2829 motibus
1054 2764 1161 2830 edunt

167 2889 293 2952 magna,
315 2866 430 2930 itidem
452 2889 547 2951 saepe
570 2867 605 2930 in
627 2867 749 2931 somnis
770 2868 959 2950 faciuntque
981 2876 1180 2954 geruntque,
1372 2894 1375 2900 ·
1397 2883 1402 2955 l

168 2992 260 3055 reges
283 2980 481 3055 expugnant,
504 2970 685 3054 capiuntur,
708 2971 830 3055 proelia
852 2970 997 3047 miscent,

168 3072 289 3135 tollunt
311 3071 482 3135 clamorem
506 3072 598 3156 quasi
621 3071 649 3135 si
672 3071 864 3157 iugulentur
885 3071 1017 3136 ibidem.

168 3173 264 3238 multi
286 3173 476 3258 depugnant
498 3172 704 3259 gemitusque
726 3173 890 3261 doloribus
913 3174 1016 3238 edunt
1207 3194 1261 3241 101
1323 3180 1377 3244 „⁴8

82 3408 230 3467 Sceuatque.
360 3405 408 3455 984
424 3405 538 3465 voluptas
555 3402 634 3453 nach.
654 3403 695 3452 for
711 3405 834 3452 voluutas.
962 3404 1011 3455 989
1028 3403 1163 3466 depulsae
1179 3419 1235 3454 aum
1262 3428 1281 3445 ι
1391 3402 1394 3423 ¹

81 3487 172 3536 Lamb.
185 3487 224 3536 for
231 3488 339 3549 palmas.
372 3487 467 3547 palmia
479 3486 501 3532 A
512 3500 577 3534 corr.
590 3485 660 3534 Nico.
674 3485 711 3535 911
721 3486 807 3535 before
818 3485 910 3534 Lamb.
1056 3486 1106 3537 990
1117 3501 1192 3550 saepe
1203 3488 1266 3550 quie:
1275 3474 1400 3532 539

81 3568 166 3619 which
177 3583 239 3617 mss.
251 3567 302 3617 add
314 3571 341 3616 at
353 3566 403 3616 end
414 3566 463 3615 has
475 3568 503 3615 of
511 3582 600 3616 course
613 3583 684 3616 come
695 3568 762 3616 from
774 3570 822 3619 991
836 3567 903 3632 (999)
917 3566 970 3617 9119
982 3567 1138 3631 supplanted
1148 3559 1399 3618 1119119199τίῐοτ

82 3651 111 3699 91
119 3651 195 3700 Lucr.
229 3650 345 3710 colligere
357 3655 451 3696 matum
461 3647 540 3696 hauh.
553 3647 642 3696 offers:
660 3649 723 3696 velle
735 3649 819 3697 volare
832 3646 916 3708 might
928 3647 983 3696 also
995 3646 1037 3699 (19.
1157 3647 1207 3699 991
1220 3632 1402 3714 (tlt-’eff‘

82 3747 134 3782 was
145 3729 254 3793 brought
266 3729 326 3778 here
337 3730 372 3792 by
382 3728 440 3777 Ald.
454 3730 468 3776 1
480 3729 553 3778 Junt.
566 3728 618 3777 and
629 3729 664 3792 by
675 3729 754 3788 Mon„
767 3730 814 3779 but
825 3729 898 3779 there
910 3733 958 3782 998
970 3731 1018 3782 999
1034 3728 1093 3794 (997
1104 3729 1164 3796 998)
1180 3729 1344 3794 masao
1358 3728 1400 3757 '⁵

81 3815 110 3867 it.
222 3812 683 3874 992999199999917449999.
717 3827 786 3861 vocer
797 3812 878 3862 Lach.
890 3813 960 3876 vulg.
1069 3789 1402 3875 99619999111113ΖΜ

81 3895 139 3946 1119.
152 3897 166 3945 1
179 3895 253 3944 Junt.
265 3894 321 3942 first
333 3893 372 3941 for
378 3894 452 3955 faga.
606 3894 654 3943 997
666 3895 769 3942 redeant
778 3896 902 3943 erroribur
913 3892 1004 3944 Lamb.
1018 3893 1086 3943 alter
1097 3893 1235 3944 Turnebus
1245 3889 1322 3943 191
1371 3890 1380 3920 ·“

2 4039 5 4047 .
82 3978 186 4026 redeant
202 3975 345 4025 terroribus.
498 3971 658 4021 1000-1003
675 3986 719 4021 are
735 3974 831 4036 merely
848 3975 978 4026 992-995
995 3973 1118 4036 repeated
1134 3974 1262 4026 1199111199ν
1331 3969 1383 4008 2

84 4053 560 4123 9919919199919991199199999.
668 4054 800 4118 10959119.
835 4071 910 4119 quam
920 4055 1011 4106 hamb.
1025 4056 1149 4120 vrongly.
1179 4074 1183 4081 ·
1214 4059 1343 4108 991111*
1350 4072 1372 4084 ‘

82 4135 773 4198 19991911,9ε1η1’99999991Ι191911.“Μ911111.9111119.
798 4136 898 4186 semina
917 4138 1017 4186 eorum'
1037 4151 1096 4200 says
1116 4138 1170 4188 Gir.
1187 4138 1263 4188 andr
1351 4137 1402 4167 ³'

82 4223 150 4273 Mar.
161 4222 273 4284 changes
284 4222 441 4270 semiaiorum
453 4219 480 4268 ol
492 4219 562 4267 Mon.
574 4221 602 4268 to
613 4221 709 4268 semina
721 4235 811 4269 eorum.
846 4221 862 4269 J
863 4224 919 4269 unt.
931 4214 1377 4284 119111191111]191119119119193σι

117 4304 180 4354 1009
197 4318 242 4367 que
254 4299 581 4363 wronglyaddedbyuar.
596 4299 653 4348 111.
667 4301 680 4346 1
693 4299 766 4348 Junt.
779 4300 962 4361 vulgatam:
980 4315 1021 4350 see
1032 4301 1122 4351 11118.
1222 4279 1387 4351 10:011

83 4387 189 4436 motitur
203 4384 274 4434 Mon.
286 4383 363 4433 Pont.
375 4382 433 4432 Ald.
446 4382 459 4430 1
471 4382 545 4432 Junt.
557 4382 625 4444 vulg.
641 4382 681 4430 for
694 4373 824 4433 montibus.
860 4383 959 4443 Magna
974 4382 988 4431 I
1003 4382 1058 4446 join
1070 4382 1134 4433 with
1146 4382 1215 4434 what
1228 4375 1377 4446 pf*
