2834 4792
673 183 723 248 VI

203 356 333 420 corpora
355 334 508 400 continuo
529 334 564 398 in
588 357 728 399 vacuum
750 335 857 400 vicina
879 337 1048 419 feruntur;

203 438 324 524 quippe
345 439 514 525 agitantur
535 439 622 504 enim
645 440 749 526 plagis
771 440 902 506 aliunde
923 464 983 506 nec
1005 442 1076 528 ipsa

203 551 317 627 sponte
339 564 399 606 sua
420 565 546 607 sursum
568 552 704 629 possunt
726 567 916 632 consurgere
939 547 974 610 in
996 570 1098 614 auras

203 645 267 710 huc
289 646 413 711 accedit
435 646 516 711 item
538 648 651 732 (quare
674 657 774 733 queat
796 649 829 712 id
852 650 955 735 magis
975 673 1054 728 esse,

203 749 281 814 haec
304 772 432 836 quoque
453 773 504 814 res
526 751 714 815 adiumento
737 760 892 836 motuque
915 752 1060 838 iuvatur)

203 854 297 939 quod,
319 854 416 918 simul
438 878 459 919 0
480 855 584 919 fronte
607 863 656 919 est
679 855 777 920 anelli
798 856 898 920 rarior
919 878 974 920 001

204 958 307 1022 factus
329 957 539 1043 inanitusque
561 957 650 1022 locus
672 959 775 1045 magis
797 981 835 1022 ac
856 969 1021 1036 vacuatus,

98 1077 180 1141 1033
204 1061 357 1126 continuo
379 1061 418 1126 fit
440 1061 491 1125 uti
513 1061 570 1145 qui
592 1069 665 1146 post
687 1071 736 1125 est
759 1084 897 1147 cumque
919 1062 1042 1127 locatus

99 1168 182 1230 1026
204 1187 259 1228 aer
280 1187 301 1228 0
322 1174 414 1252 tergo
436 1165 528 1251 quasi
549 1166 706 1251 provehat
728 1173 827 1251 atque
852 1167 1018 1251 propellat.

204 1290 330 1356 semper
351 1270 439 1334 enim
461 1270 706 1355 circumpositus
727 1292 779 1334 res
801 1270 949 1335 verberat
971 1293 1043 1352 aer3

204 1374 259 1438 sed
282 1374 342 1438 tali
364 1374 402 1439 fit
424 1374 476 1438 uti
497 1375 656 1460 propellat
678 1383 823 1459 tempore
848 1376 976 1452 ferrum,

203 1485 295 1563 parte
318 1478 404 1563 quod
426 1500 465 1542 cx
488 1501 554 1543 una
575 1479 718 1564 spatium
742 1487 835 1543 vacat
858 1488 891 1543 et
914 1480 1001 1565 capit
1023 1480 1058 1544 in
1080 1503 1121 1546 se.

99 1599 183 1663 1030
204 1581 266 1659 hic,
287 1583 350 1647 tihi
372 1605 469 1669 quem
492 1605 641 1658 memoro,
664 1605 722 1670 per
743 1583 854 1648 crebra
875 1584 1032 1648 foramina
1053 1585 1129 1650 ferri

204 1707 318 1770 parvas
339 1685 381 1748 ad
403 1685 505 1770 partis
526 1685 692 1750 subtiliter
713 1685 897 1750 insinuatus

204 1789 308 1853 trudit
331 1798 365 1854 et
387 1789 523 1875 inpellit,
546 1789 639 1875 quasi
660 1812 776 1854 navem
799 1790 934 1874 velaque
956 1800 1081 1856 ventus.

98 1908 183 1973 1034
203 1891 343 1977 denique
364 1915 415 1957 res
438 1915 549 1957 omnes
571 1893 693 1957 dehent
714 1893 749 1957 in
771 1915 900 1978 corpore
922 1892 1041 1957 habere

203 2017 285 2072 aera,
310 1996 570 2082 quandoquidem
592 2019 663 2061 1010
685 2006 762 2062 sunt
785 2019 914 2082 corpore
937 2005 1048 2062 01001

205 2100 354 2165 omnibus
377 2110 427 2166 est
448 2101 544 2166 rebus
567 2101 784 2166 circumdatus
806 2101 1043 2187 adpositasque.

205 2203 258 2268 hic
280 2204 391 2291 igitur,
414 2205 545 2290 penitus
567 2204 624 2290 qui
646 2205 681 2268 in
703 2205 817 2269 ferrost
839 2204 970 2270 abditus
992 2228 1053 2282 aer,

203 2308 340 2373 sollicito
362 2317 453 2373 motu
477 2331 603 2394 semper
625 2309 766 2373 iactatur
788 2331 889 2394 eoque

202 2413 351 2476 verberat
373 2412 515 2477 anellum
537 2412 636 2476 duhio
658 2411 769 2497 procul
792 2419 826 2476 01
849 2412 912 2477 0101
935 2411 1026 2476 intus

203 2514 343 2580 scilicet:
372 2515 427 2580 ille
450 2515 562 2580 eodem
585 2517 687 2579 fertur
710 2538 773 2601 quo
795 2515 1020 2600 praecipitavit

202 2619 268 2684 iam
290 2619 389 2684 semel
412 2629 447 2685 et
468 2628 594 2705 partem
617 2620 652 2682 in
673 2642 808 2683 vacuam
831 2619 1000 2683 conamina
1021 2619 1169 2704 sumpsit.

245 2723 302 2788 Fit
324 2745 451 2810 quoque
474 2733 513 2789 ut
535 2747 555 2788 a
577 2723 684 2809 lapide
707 2723 766 2787 hoc
788 2723 864 2786 ferri
886 2732 1004 2787 natura
1025 2724 1154 2790 recedat

202 2825 376 2906 interdum,
399 2830 510 2914 fugere
533 2836 631 2914 atque
654 2828 746 2913 sequi
768 2836 922 2892 consueta
943 2827 1091 2892 vicissim.

204 2930 349 2997 exultare
372 2932 472 2997 etiam
496 2931 718 2997 Samothracia
741 2932 842 2995 ferrea
864 2930 932 2995 vidi

204 3042 238 3098 et
260 3043 408 3100 ramenta
429 3035 525 3100 simul
548 3035 623 3099 ferri
645 3036 750 3100 furere
773 3035 863 3098 intus
885 3033 998 3098 ahenis

202 3136 237 3200 in
259 3137 406 3222 scaphiis,
428 3137 510 3224 lapis
533 3137 585 3202 hic
609 3138 744 3223 Magnes
766 3160 842 3202 cum
864 3137 1015 3202 subditus
1038 3147 1139 3203 esset:

201 3241 405 3326 usqueadeo
428 3242 539 3326 fugere
562 3239 603 3304 ab
626 3263 702 3305 saxo
725 3240 844 3326 gestire
867 3240 1004 3304 videtur.

92 3535 120 3578 tc
131 3529 203 3590 ferro
220 3529 250 3578 11
285 3536 308 3578 te
320 3529 390 3591 ferre
402 3527 473 3578 Nico.
484 3528 588 3578 whence
603 3531 697 3592 referre
713 3527 785 3577 Brix.
797 3527 855 3577 Ver.
868 3527 933 3577 Ven.
967 3531 997 3577 de
1009 3530 1080 3591 ferro
1096 3528 1163 3580 Flor.
1179 3530 1210 3577 31
1228 3528 1294 3578 Mar.

91 3608 110 3658 J
111 3612 169 3658 unt.
180 3609 248 3671 vulg.
262 3609 348 3658 before
359 3609 437 3661 Lach.
539 3611 603 3658 1018
613 3626 625 3660 c
636 3610 706 3658 Flor.
718 3610 749 3657 31
763 3608 852 3658 (lamb.
865 3610 904 3658 for
916 3616 948 3659 et.
982 3625 1012 3658 00
1025 3609 1094 3660 Mon.
1109 3608 1168 3658 Ver.
1181 3609 1245 3659 Van.

127 3690 190 3740 1020
197 3693 282 3754 plopc's
294 3691 363 3740 Flor.
376 3692 407 3741 31
419 3691 507 3741 (lamb,
521 3691 598 3741 Pont.
611 3692 676 3741 Mar.
689 3691 728 3741 for
735 3693 829 3755 plopit.
952 3691 1015 3740 1022
1028 3692 1091 3740 1023
1103 3693 1150 3741 1101
1161 3706 1175 3741 0
1187 3691 1296 3742 10110110

91 3774 122 3824 to
137 3773 170 3822 be
185 3772 314 3836 changed:
335 3773 398 3837 only
414 3772 459 3823 the
476 3767 598 3836 stopping
613 3775 636 3823 is
653 3776 680 3823 1ο
697 3773 728 3822 ba
744 3773 861 3825 monded
898 3777 966 3824 item.
999 3776 1053 3824 0101
1069 3773 1148 3824 Lach.
1181 3777 1292 3825 iuvatur.

92 3858 196 3905 iuvetur
205 3854 300 3915 Lach.;
317 3854 391 3904 Wak.
403 3855 451 3905 has
463 3855 527 3904 been
539 3855 631 3904 misled
643 3855 702 3918 hya
714 3854 823 3904 blunder
834 3855 861 3904 of
877 3854 986 3904 Haverc.
1141 3856 1204 3904 1025
1215 3859 1295 3918 osopio

90 3937 181 3988 (lamb.
196 3937 253 3990 Ver.
267 3938 329 3989 Van.
346 3938 579 4000 Maaformcpois.
612 3940 691 3999 11090
704 3936 850 3987 00011101.
862 3938 902 3987 31.
990 3925 993 3931 ⁴
1067 3937 1131 3987 1020
1143 3937 1226 4003 (1033)
1238 3938 1295 3987 first

89 4019 183 4082 placed
192 4019 254 4070 hera
264 4019 293 4069 in
304 4019 362 4070 Ald.
375 4021 389 4068 1
401 4020 454 4070 and
465 4021 538 4071 Junt.
550 4023 597 4070 not
607 4020 642 4083 hy
652 4020 727 4070 Pont.
740 4035 769 4069 or
780 4021 846 4069 Mar.
986 4020 1049 4070 1027
1061 4022 1218 4080 1101010190
1230 4019 1295 4068 1101.

91 4101 471 4163 11011001101111010190.
670 4102 852 4150 10112Ρο1000.
893 4102 986 4150 Prinas
998 4100 1050 4150 Gif.
1092 4101 1192 4150 Primos
1203 4100 1295 4149 hamb.

91 4182 132 4234 ed.
145 4186 170 4233 3.
302 4185 365 4234 1033
377 4192 464 4234 ventus
474 4183 535 4233 Pius
548 4184 587 4233 for
597 4187 688 4234 ventis.
836 4181 1048 4233 1040110110οὴ.
1060 4182 1100 4232 for
1110 4184 1156 4231 illo
1167 4181 1189 4230 B
1201 4181 1295 4230 vienn.

90 4265 168 4330 fraga
193 4281 244 4318 om.
269 4267 293 4316 A
314 4267 383 4316 Nico.
403 4267 492 4318 (lamb.
515 4271 562 4318 010.
599 4275 675 4330 atque
698 4266 766 4315 Flor.
789 4267 820 4315 31
842 4266 906 4316 Mar.
931 4265 1094 4327 tasting.
1127 4267 1197 4328 isque
1220 4265 1294 4314 Wak.

90 4348 159 4411 conj.
293 4348 718 4400 1047001000110011.10101000.
861 4348 924 4398 1059
935 4338 972 4396 Et
983 4346 1062 4397 Lach.
1076 4346 1117 4396 lor
1127 4348 1162 4395 At
1171 4346 1218 4395 BA
1229 4360 1294 4396 corr.
