2834 4792
645 258 674 322 V
1206 276 1271 343 229

151 438 211 481 nec
233 425 344 482 manet
366 418 434 484 ulla
455 418 506 484 sui
528 418 642 485 similis
663 443 732 485 res:
761 421 870 486 omnia
891 421 1041 509 migrant,
1207 428 1270 507 830

151 522 261 588 omnia
283 531 462 588 commutat
484 532 602 590 natura
624 533 658 590 et
680 533 805 590 vertere
828 526 922 613 cogit

152 648 293 712 namque
315 625 399 691 aliut
420 627 578 712 putrescit
600 636 635 694 et
656 650 736 693 aevo
757 628 863 694 debile
885 628 1028 713 languet,

152 750 245 814 porro
267 727 350 793 aliut
372 728 517 794 clarescit
539 739 574 795 et
595 751 612 795 c
633 730 874 815 contemptibus
896 731 972 797 exit.

152 832 197 897 sio
219 833 321 919 igitur
343 833 457 898 mundi
479 842 630 899 naturam
653 834 754 900 totius
776 843 867 900 aetas

152 944 261 1001 mutat
283 945 317 1001 et
340 959 380 1000 ex
401 936 465 1001 alio
487 945 607 1002 terram
630 945 736 1002 status
758 937 879 1024 excipit
901 938 1002 1003 alter:
1207 944 1266 1022 835

152 1038 239 1124 quod
260 1039 369 1125 potuit
391 1040 513 1125 nequit,
536 1048 575 1104 ut
596 1040 698 1127 possit
720 1041 805 1126 quod
828 1064 892 1106 non
914 1041 993 1107 tulit
1015 1051 1099 1108 ante.

196 1140 367 1227 Multaque
388 1149 461 1206 tum
483 1143 580 1208 tellus
603 1142 703 1208 etiam
725 1152 877 1229 portenta
898 1166 1005 1209 creare

151 1253 300 1309 conatast
322 1246 404 1310 mira
426 1245 506 1311 facie
530 1246 746 1332 membrisque
768 1255 884 1325 coorta,

152 1345 385 1434 androgynum,
406 1348 646 1434 interutrasque
668 1371 728 1414 nec
751 1358 870 1426 utrum,
894 1350 1058 1435 utrimque
1081 1361 1251 1428 remotum,

150 1448 231 1514 orba
252 1451 372 1537 pedum
394 1453 523 1539 partim,
545 1475 702 1517 manuum
725 1453 859 1518 viduata
881 1453 1029 1530 vicissim,
1160 1499 1165 1512 .
1204 1459 1268 1535 840

151 1561 246 1617 muta
267 1555 336 1619 sine
358 1578 411 1620 ore
434 1556 543 1632 etiam,
565 1556 635 1621 sine
659 1556 749 1621 voltu
772 1579 866 1621 caeca
887 1566 1023 1642 reperta,

153 1657 327 1744 vinctaque
349 1659 566 1724 membrorum
589 1683 647 1746 per
668 1668 776 1725 totum
799 1683 913 1746 corpus
935 1659 1086 1739 adhaesu,

153 1783 214 1826 nec
236 1763 338 1827 facere
361 1771 400 1828 ut
422 1772 553 1850 possent
577 1764 748 1850 quicquam
772 1787 831 1830 neo
853 1764 965 1829 cedere
988 1787 1150 1851 quoquam

153 1886 214 1928 nec
236 1865 339 1931 vitare
360 1866 484 1931 malum
506 1889 566 1932 nec
587 1889 714 1932 sumere
737 1866 823 1952 quod
845 1868 927 1932 foret
948 1889 1033 1932 usus

154 1975 262 2032 cetera
284 1967 324 2032 de
345 1991 463 2055 genere
487 1968 546 2034 hoc
568 1977 712 2034 monstra
734 1992 772 2034 ac
793 1977 945 2055 portenta
967 1969 1105 2046 creabat,
1208 1974 1268 2051 845

155 2070 361 2156 nequiquam,
384 2073 537 2159 quoniam
561 2082 679 2139 natura
701 2073 876 2138 absterruit
898 2083 1030 2139 auctum

155 2196 215 2239 nec
236 2184 370 2260 potuere
393 2177 540 2262 cupitum
562 2178 681 2243 aetatis
703 2187 835 2265 tangere
857 2178 969 2244 florem

155 2300 216 2342 nec
237 2280 376 2365 reperire
398 2280 508 2345 cibum
529 2302 589 2345 nec
611 2280 704 2367 iungi
725 2303 783 2367 per
805 2281 940 2346 Veneris
962 2303 1020 2346 res.

157 2380 262 2444 multa
284 2381 430 2446 videmus
453 2382 540 2447 enim
562 2382 658 2447 rebus
680 2404 867 2447 concurrere
889 2382 1015 2460 debere,

157 2491 196 2548 ut
218 2484 424 2572 propagando
446 2486 570 2572 possint
592 2485 767 2572 procudere
789 2486 911 2566 saecla3
1209 2491 1273 2568 850

157 2586 277 2672 pabula
298 2589 440 2674 primum
464 2597 501 2654 ut
523 2589 599 2669 sint,
620 2590 777 2677 genitalia
799 2589 915 2655 deinde
937 2613 995 2676 per
1016 2599 1107 2656 artus

157 2691 369 2778 seminaque
390 2693 514 2778 possint
536 2693 692 2758 membris
714 2715 844 2759 manare
866 2693 1027 2773 remissis3

156 2795 340 2882 feminaque
362 2810 401 2860 ut
423 2797 566 2862 maribus
588 2797 740 2885 coniungi
762 2797 873 2883 possit,
895 2797 1014 2862 habere

157 2906 274 2963 mutua
295 2898 352 2984 qui
374 2908 504 2964 mutent
525 2900 612 2966 inter
633 2923 668 2965 se
689 2900 810 2987 gaudia
831 2909 977 2985 uterque.

201 3000 371 3087 Multaque
393 3010 465 3067 tum
488 3002 648 3068 interiisse
670 3003 874 3068 animantum
896 3004 1000 3068 saecla
1021 3010 1182 3068 necessest
1209 3005 1270 3086 855

157 3125 218 3168 nec
239 3104 382 3188 potuisse
403 3106 610 3192 propagando
631 3106 806 3190 procudere
828 3107 959 3191 prolem.

157 3230 234 3272 nam
257 3231 477 3294 quaecumque
500 3209 590 3275 vides
612 3210 698 3275 vesci
720 3210 874 3275 vitalibus
896 3210 991 3284 auris,

158 3319 217 3376 aut
239 3311 331 3377 dolus
352 3320 412 3377 aut
434 3313 537 3377 virtus
558 3321 618 3377 aut
640 3313 779 3399 denique
802 3313 965 3378 mobilitas
987 3321 1037 3378 est

106 3605 210 3664 rtarqcc
222 3600 288 3650 Mar.
299 3600 357 3650 ald.
370 3601 384 3649 1
396 3599 413 3648 J
414 3603 469 3652 unt.
484 3599 523 3650 sor
533 3602 681 3662 cenaeque.
795 3601 843 3649 833
855 3600 971 3650 clarescit
980 3596 1059 3648 Laeli
1074 3596 1115 3647 lor
1125 3599 1225 3647 crescit:
1243 3595 1276 3647 he

106 3698 125 3734 o
137 3684 259 3744 suggests
268 3683 409 3741 sttccrcccit,
420 3680 505 3731 which
516 3695 577 3742 may
587 3680 619 3730 be
629 3679 710 3742 right:
728 3693 758 3728 or
769 3687 821 3729 tam
831 3682 928 3729 crncit.
962 3680 1096 3729 ccrrcrcccc’t
1106 3675 1163 3728 Ald.
1176 3676 1191 3725 l
1202 3675 1276 3746 Junt.

106 3765 206 3818 tPont.
220 3777 250 3813 or
260 3761 325 3812 Mar.
359 3777 372 3812 c
384 3761 466 3812 added
477 3761 511 3825 by
522 3762 587 3812 Mar.
599 3760 656 3812 Ald.
670 3762 684 3810 1
695 3761 712 3810 J
713 3763 770 3811 unt.
933 3760 981 3810 836
997 3760 1069 3821 Quod
1081 3760 1166 3821 potnit
1180 3760 1277 3821 nequit,

106 3847 163 3900 nd.
175 3846 215 3896 for
227 3847 299 3907 Quod
306 3847 392 3908 potnit
403 3853 518 3908 nequeat.
549 3851 607 3907 pote
618 3847 658 3893 uti
670 3850 777 3907 nequeat
787 3841 867 3892 Lech.
902 3845 962 3892 tulit
972 3849 1001 3891 ut
1011 3841 1097 3891 Bentl.
1228 3842 1277 3890 888

106 3934 137 3982 ae
149 3928 220 3980 Flor.
234 3927 266 3978 31
277 3926 348 3976 Brix.
361 3927 484 3990 sorjocr't.
615 3927 663 3976 839
674 3927 868 3986 interutrasque.
903 3925 1077 3986 interstrepas
1088 3922 1168 3972 lach.
1180 3923 1276 3972 Andro·

106 4025 174 4070 cam,
187 4011 359 4071 interutrosque
374 4023 419 4058 nec
433 4008 662 4070 atramentoque
677 4013 794 4056 rectorum
804 4004 883 4054 Lach.
896 4007 966 4054 most
981 4003 1082 4067 acutely
1092 4003 1133 4053 for
1147 4005 1276 4068 Androcy-

106 4110 125 4145 π
136 4095 209 4144 inter
219 4097 290 4140 utrae
301 4105 345 4140 nec
356 4096 487 4151 unamque
498 4096 629 4151 utruccqcc
641 4095 766 4138 ranorum.
795 4089 971 4151 Androqyrwm
980 4089 1107 4136 interutrc
1116 4091 1278 4148 centrumque

106 4178 192 4238 inque
203 4171 321 4222 rectorem
331 4170 408 4221 Man:
424 4171 543 4232 utrinque
554 4168 578 4219 is
588 4168 617 4218 in
627 4168 699 4218 Brix.
797 4169 846 4218 841
858 4169 933 4218 Muto
944 4167 1054 4228 Nauger.
1068 4166 1108 4216 lor
1118 4166 1212 4216 Multo.

106 4255 157 4308 844
169 4255 240 4318 soret
255 4266 314 4302 mut
329 4250 422 4301 hamb.
440 4249 480 4299 for
496 4251 563 4299 volet
578 4264 646 4310 uror,
666 4263 695 4298 aa
711 4262 738 4297 ιν
754 4249 810 4298 831.
949 4245 997 4295 852
1012 4246 1130 4295 remora.
1175 4244 1279 4294 remissa

106 4337 155 4390 ch.
303 4335 352 4384 853
369 4334 488 4396 eminant
500 4334 591 4396 poscit,
610 4332 708 4381 habnt.
741 4331 861 4392 coniungi
876 4329 956 4391 pontt
972 4341 1045 4377 conc
1061 4324 1154 4375 naon:
1178 4339 1194 4374 a
1210 4330 1280 4376 most

106 4413 204 4469 rkwcrd
216 4414 322 4480 phrase:
341 4413 386 4465 the
398 4413 462 4463 wish
478 4413 507 4463 of
521 4410 565 4462 the
577 4409 705 4462 femaleis
719 4413 766 4460 not
781 4408 934 4472 important.
1072 4407 1120 4456 854
1131 4407 1224 4456 Mutae
1234 4407 1280 4470 qui
