2834 4792
187 378 225 435 ut
247 370 357 456 potius
379 368 493 435 multis
515 368 700 435 communis
721 390 853 455 corpora
874 368 972 435 rebus

187 474 293 539 multe
313 482 411 559 putes
433 494 513 550 esse,
534 481 573 538 ut
596 472 703 538 verbis
724 474 888 538 elementa
909 472 1068 551 videmus,

187 598 285 663 quarn
309 576 378 641 sine
400 574 569 662 principiis
592 576 691 640 ullam
714 597 782 640 rem
805 575 943 641 existere
965 596 1067 662 posse.

188 679 327 766 denique
350 702 407 745 cur
429 679 575 744 homines
598 688 708 744 tantos
728 689 847 744 natura
868 700 981 765 perure

187 808 251 850 non
274 784 391 871 potuit,
413 782 551 870 pedibus
573 783 630 869 qui
653 791 791 870 pontum
813 804 873 869 per
892 782 977 849 vuds
997 791 1130 869 possent

189 888 325 953 transire
348 895 382 953 et
404 908 539 975 magnos
561 886 712 952 monibus
733 886 887 953 divellere
909 886 1031 953 montis

188 992 355 1077 multaque
379 990 516 1056 vivendo
539 990 652 1055 vitalis
673 990 801 1055 vincere
823 990 937 1069 saecla,

188 1096 215 1159 si
239 1117 312 1171 non,
334 1094 487 1159 materies
510 1094 587 1179 quia
608 1093 705 1158 rebus
727 1091 855 1157 reddite
876 1101 998 1159 certast

187 1195 363 1285 gignundis
386 1218 403 1259 e
426 1218 490 1281 qua
513 1203 640 1260 constat
662 1195 741 1280 quid
764 1194 866 1280 possit
888 1194 988 1261 oriri?

190 1298 234 1362 nil
257 1298 359 1385 igitur
381 1294 452 1362 fieri
474 1297 514 1362 de
536 1297 603 1361 nilo
624 1319 717 1382 posse
740 1296 951 1375 fatendumst,

189 1402 311 1467 semine
334 1401 463 1487 ‹plando
485 1424 566 1487 opus
589 1411 639 1466 est
661 1401 758 1466 rebus
780 1424 844 1487 quo
865 1424 1013 1488 quaeque
1036 1413 1163 1467 creatae

189 1505 271 1571 aeris
293 1504 327 1570 in
351 1514 478 1571 teneres
500 1504 625 1591 possint
647 1506 817 1591 proferrier
839 1528 942 1573 auras.

189 1621 350 1697 pestremo
373 1612 526 1698 quoniam
548 1612 680 1677 incultis
703 1621 867 1698 proestare
888 1612 1038 1678 videmus

190 1712 279 1778 culto
301 1714 370 1779 locu
391 1724 425 1779 et
448 1714 597 1779 manibus
620 1715 761 1779 melioris
783 1714 916 1782 reddere
939 1717 1035 1795 fetus,

190 1840 258 1881 esse
283 1817 432 1882 videlicet
455 1817 489 1881 in
512 1817 606 1882 terris
628 1818 803 1904 primordia
824 1840 932 1883 rerum

189 1944 272 2006 ‹piue
295 1944 352 1985 nos
375 1920 528 1986 fecundas
551 1930 715 1986 vertentes
736 1944 864 1986 vomere
886 1922 998 2009 glebas

191 2024 352 2109 terraique
375 2024 478 2088 solum
502 2024 691 2111 subigentes
713 2025 816 2089 cimus
838 2026 879 2090 ad
902 2034 1000 2091 ortus.

190 2128 275 2213 ‹piod
301 2128 328 2191 si
351 2127 441 2192 nullu
463 2128 576 2204 forent,
599 2138 708 2193 nostro
730 2130 799 2193 sine
822 2152 969 2216 quaeque
992 2131 1101 2197 labore

190 2240 304 2315 spirite
327 2252 386 2295 suu
409 2230 513 2295 multo
535 2231 605 2295 fieri
627 2231 760 2295 meliora
782 2232 915 2298 videres.

238 2334 309 2397 Huc
332 2332 456 2397 cecedit
479 2333 529 2398 uti
552 2333 690 2419 quicque
713 2334 746 2397 in
770 2356 829 2399 sua
850 2357 981 2421 corpora
1003 2358 1131 2401 rursum

190 2436 346 2501 dissoluat
369 2446 487 2501 nutura
509 2460 614 2521 neque
636 2437 677 2501 nd
701 2437 804 2501 nilum
828 2438 1001 2503 interemat
1023 2463 1081 2505 res.

191 2563 264 2605 nuru
291 2540 396 2625 siquid
420 2541 554 2605 mortale
577 2564 593 2606 e
616 2541 740 2605 cunctis
762 2542 910 2626 portibus
932 2554 1025 2621 esset,

191 2666 228 2708 ex
253 2642 352 2707 oculis
375 2666 425 2707 res
447 2666 594 2729 quaeque
618 2653 751 2729 repente
775 2654 887 2731 erepta
908 2646 1036 2731 periret.

192 2748 280 2811 nullu
305 2747 336 2812 vi
360 2749 442 2813 foret
465 2770 541 2815 usus
564 2749 651 2813 eninr
675 2773 757 2835 qliae
780 2751 927 2836 partibus
950 2753 1020 2817 eius

190 2849 360 2915 dissidium
385 2874 495 2937 perere
518 2862 552 2917 et
575 2876 676 2918 nexus
699 2855 861 2920 exsolvere
884 2865 1000 2941 posset.

191 2952 275 3038 quod
300 2976 393 3031 nunc,
415 2963 546 3019 ueterno
569 2956 646 3041 quie
668 2966 817 3021 constant
840 2958 963 3023 semine
986 2982 1142 3046 quaeque,

191 3056 290 3120 ‹lonec
314 3056 361 3121 vis
384 3057 465 3121 obiit
488 3082 571 3143 ‹piue
594 3082 645 3125 res
667 3061 850 3126 diverberet
872 3062 939 3127 ictu

189 3168 248 3223 out
270 3158 359 3223 intus
382 3169 531 3245 penetret
553 3184 611 3247 per
632 3162 743 3228 inanis
763 3164 993 3250 dissolustque

193 3262 312 3327 nullius
335 3262 472 3327 exitium
495 3265 620 3349 potitur
642 3275 760 3331 nutura
783 3267 892 3331 videri.

191 3373 357 3449 praetereo
379 3387 601 3453 ‹piuecumquo
625 3376 789 3433 vetustate
812 3379 940 3434 amovet
962 3378 1061 3447 aetas,

191 3466 218 3531 si
241 3467 372 3552 penitus
395 3470 533 3553 peremit
556 3493 747 3537 consumens
769 3473 938 3538 materiem
961 3496 1098 3552 omnem,

192 3570 275 3635 unde
298 3570 437 3635 uuimule
460 3594 563 3655 genus
584 3574 764 3659 generatim
788 3575 823 3639 in
846 3575 970 3641 lumina
992 3578 1079 3643 vitae

191 3672 337 3739 redducit
361 3674 480 3751 Venus,
503 3687 561 3741 out
583 3676 774 3743 redductum
798 3679 934 3745 daedala
955 3681 1052 3746 tellus

192 3776 277 3842 mide
299 3776 359 3843 ulit
381 3786 480 3865 utque
503 3789 602 3864 unget
624 3782 803 3866 generatim
826 3783 947 3867 pabule
968 3785 1147 3869 praebens?

189 3880 275 3947 unde
297 3904 385 3947 more
408 3882 560 3969 ingenuei
583 3885 687 3950 fontes
710 3894 907 3972 externoque
930 3889 1024 3975 longe
1202 3896 1208 3905 ’
1243 3910 1262 3957 2
1267 3911 1309 3975 30

106 4120 227 4177 Crescere,
250 4133 336 4182 resque
358 4133 442 4181 penio.
478 4120 613 4171 crescendo
637 4121 703 4171 Mer.
726 4121 799 4172 Junt.
822 4121 912 4173 Issmb.
937 4125 986 4173 etc.
1139 4126 1188 4179 207
1208 4130 1310 4192 possint

103 4198 179 4250 Pont.
191 4198 248 4249 Ald.
262 4200 276 4249 1
291 4199 366 4253 Junt.
382 4200 422 4249 for
432 4209 547 4264 possent:
566 4216 582 4251 e
599 4201 699 4265 change
710 4202 794 4253 which
806 4202 858 4253 will
874 4204 945 4254 osten
959 4204 1025 4255 hsve
1042 4209 1069 4256 to
1084 4205 1117 4256 be
1131 4207 1224 4261 mede:
1240 4224 1307 4261 mss.

103 4296 146 4333 ore
163 4296 234 4333 more
250 4285 296 4345 opt
312 4284 340 4333 to
356 4286 404 4344 put
417 4290 518 4345 possent
531 4282 572 4333 for
584 4286 683 4347 possint
700 4283 766 4335 then
777 4284 832 4335 vice
847 4300 927 4338 versa.
1028 4287 1077 4337 215
1092 4291 1197 4352 quicque
1211 4290 1303 4343 Inmb.

103 4366 142 4415 for
164 4364 293 4427 quicquid.
400 4362 448 4413 217
471 4378 483 4413 s
505 4362 587 4415 added
607 4363 641 4427 by
662 4363 732 4415 Nico.
849 4365 930 4415 2301
951 4366 1037 4418 follow
1058 4367 1103 4419 the
1124 4384 1202 4419 mss:
1228 4387 1307 4433 mere,

409 4442 573 4516 A
