2834 4792
640 219 689 284 IV

157 384 296 471 denique
317 407 393 450 cum
414 383 507 449 suavi
528 382 677 449 devinxit
699 382 846 448 membra
866 404 978 468 sopore

158 511 288 554 somnus
309 496 345 554 et
366 488 401 553 in
422 509 551 554 summa
571 509 686 574 corpus
707 487 792 551 iacet
814 508 908 551 omne
930 485 1051 572 quiete,

158 602 229 658 tum
250 592 387 680 vigilare
408 600 521 657 tamen
541 590 636 656 nobis
657 599 693 655 et
714 589 860 654 membra
881 610 1010 654 movere

158 704 266 760 nostra
286 695 444 773 videmur,
466 701 501 759 et
522 693 557 757 in
578 692 683 758 noctis
704 691 841 777 caligine
863 713 957 756 caeca

158 819 286 863 cernere
308 818 478 862 censemus
499 795 600 860 solem
623 794 798 880 lumenque
820 793 975 859 diurnum

159 901 370 986 conclusoque
392 899 460 965 loco
481 898 606 965 caelum
630 920 719 963 mare
740 897 877 962 flumina
898 895 1019 962 montis

159 1012 285 1068 mutare
307 1009 342 1068 et
363 1023 493 1087 campos
514 1000 652 1087 pedibus
673 998 811 1064 transire
833 997 993 1075 videmur,

159 1118 193 1171 et
214 1107 340 1172 sonitus
361 1105 484 1183 audire,
507 1128 619 1170 severa
640 1103 773 1169 silentia
794 1103 899 1167 noctis

158 1209 300 1296 undique
322 1231 396 1274 cum
418 1215 576 1285 constent,
597 1215 632 1273 et
653 1206 787 1273 reddere
809 1206 897 1276 dicta
922 1213 1078 1270 tacentes

159 1322 266 1379 cetera
287 1313 328 1378 de
349 1334 469 1400 genere
492 1312 552 1376 hoc
573 1311 731 1377 miracala
753 1310 859 1375 multa
879 1310 1035 1386 videmus,

159 1438 240 1501 quae
262 1414 381 1480 violare
403 1415 502 1479 fidem
524 1414 618 1500 quasi
640 1412 788 1478 sensibus
809 1410 918 1476 omnia
940 1419 1109 1497 quaerunt,

161 1518 365 1604 nequiquam,
388 1517 541 1603 quoniam
564 1538 638 1602 pars
660 1516 775 1580 horum
799 1515 942 1579 maxima
963 1514 1047 1580 fallit

158 1631 289 1708 propter
310 1621 462 1708 opinatus
483 1620 585 1685 animi
607 1642 687 1706 quos
709 1619 860 1684 addimus
882 1618 952 1704 ipsi,

159 1749 216 1812 pro
237 1727 315 1791 visis
337 1733 376 1791 ut
398 1725 465 1790 sint
486 1747 570 1810 quae
592 1746 657 1790 non
679 1734 756 1789 sunt
779 1724 918 1789 sensibu'
941 1725 1017 1789 visa

158 1853 234 1894 nam
256 1829 302 1892 nil
325 1828 455 1916 aegrius
475 1836 525 1893 est
548 1849 646 1914 quam
668 1849 719 1892 res
741 1849 905 1892 secernere
928 1836 1058 1912 apertas

157 1932 200 1997 ab
221 1931 339 2009 dubiis,
360 1931 490 1997 animus
511 1953 592 2016 quas
614 1931 656 1996 ab
678 1953 713 1995 se
735 1931 884 2016 protinus
906 1930 1007 1996 addit.

203 2034 353 2121 Denique
374 2033 421 2098 nil
444 2033 518 2098 sciri
539 2033 641 2119 siquis
662 2042 769 2120 putat,
791 2033 826 2098 id
848 2056 976 2119 quoque
998 2033 1101 2098 nescit

158 2160 201 2201 an
222 2137 297 2203 sciri
319 2136 431 2223 possit,
452 2136 604 2222 quoniam
626 2136 673 2200 nil
695 2136 776 2201 scire
800 2137 929 2201 fatetur.

160 2241 247 2306 hunc
269 2242 372 2328 igitur
393 2249 505 2306 contra
526 2241 658 2305 mittam
681 2240 873 2304 contendere
896 2261 1035 2315 causam,

160 2344 218 2430 qui
239 2344 349 2430 capite
367 2343 437 2430 ipse
459 2365 519 2408 sua
540 2343 575 2407 in
597 2344 714 2407 statuit
737 2342 875 2430 vestigia
896 2365 975 2408 sese.

160 2455 195 2511 et
217 2455 328 2511 tamen
350 2446 410 2510 hoc
432 2467 560 2531 quoque
583 2445 635 2509 uti
656 2445 829 2510 concedam
851 2445 941 2521 scire,
963 2453 998 2510 at
1022 2443 1187 2530 idipsum

160 2572 323 2634 quaeram,
345 2571 419 2614 cum
442 2549 477 2613 in
497 2549 594 2614 rebus
617 2548 686 2613 veri
708 2549 754 2613 nil
776 2549 896 2614 viderit
918 2558 1005 2624 ante,

159 2651 247 2716 unde
269 2651 350 2717 sciat
373 2651 451 2737 quid
473 2650 517 2715 sit
539 2652 619 2716 scire
641 2661 676 2716 et
698 2651 821 2715 nescire
843 2651 995 2727 vicissim,
1213 2665 1275 2731 475

161 2755 313 2819 notitiam
335 2752 403 2818 veri
425 2775 508 2838 quae
530 2775 581 2818 res
603 2753 739 2838 falsique
763 2752 878 2818 crearit

164 2864 198 2920 et
220 2855 357 2921 dubium
379 2863 467 2920 certo
489 2878 571 2941 quae
594 2877 645 2920 res
667 2856 794 2921 differre
816 2855 968 2941 probarit.

162 2959 306 3024 invenies
328 2959 441 3045 primis
463 2959 505 3023 ab
526 2959 674 3024 sensibus
697 2983 766 3025 esse
788 2968 928 3024 creatam

163 3062 314 3126 notitiem
337 3063 404 3126 veri
425 3084 532 3148 neque
555 3085 668 3128 sensus
689 3085 782 3148 posse
804 3062 915 3126 refelli.

162 3189 238 3231 nam
261 3164 380 3231 maiore
402 3165 466 3230 fide
488 3165 586 3231 debet
608 3167 777 3252 reperirier
799 3166 890 3243 illud,

163 3280 276 3356 sponte
299 3292 358 3334 sua
380 3269 463 3335 veris
486 3270 572 3356 quod
594 3269 695 3355 possit
717 3271 844 3334 vincere
867 3269 955 3334 falsa.

162 3375 241 3460 quid
263 3375 382 3439 maiore
405 3373 468 3439 fide
491 3396 584 3460 porro
606 3397 704 3459 quam
727 3396 838 3439 sensus
861 3373 973 3438 haberi

162 3478 285 3542 debet?
314 3500 357 3541 an
379 3476 420 3542 ab
443 3499 539 3542 sensu
562 3478 641 3542 falso
664 3478 747 3543 ratio
770 3486 841 3542 orta
862 3476 984 3542 valebit

163 3580 268 3646 dicere
290 3603 345 3646 eos
367 3589 487 3658 contra,
509 3604 592 3668 quae
616 3590 686 3646 tota
708 3582 749 3646 ab
772 3581 919 3646 sensibus
941 3589 1013 3645 orta
1035 3585 1108 3645 est?

56 3793 124 3852 tur.
225 3798 273 3848 460
283 3798 475 3849 noctieBcorr.
486 3797 555 3847 Flor.
568 3799 600 3847 31
612 3797 702 3847 (lamb.
713 3798 790 3847 Pont.
802 3797 868 3867 Mar.
880 3798 919 3846 for
930 3801 1029 3847 marta.
1097 3798 1281 3849 462miracala

54 3866 124 3937 Ed.
138 3883 181 3934 for
196 3883 326 3932 mirande:
342 3878 417 3930 ceula
433 3892 486 3929 was
501 3878 626 3941 probably
643 3877 768 3927 absorbed
784 3877 813 3926 in
830 3880 909 3927 malta
926 3878 978 3928 and
995 3878 1039 3929 the
1055 3879 1125 3929 word
1138 3881 1281 3942 completed

55 3953 143 4017 from
159 3966 217 4017 419.
252 3965 368 4015 mirando
384 3962 453 4012 Flor.
471 3962 502 4011 31
519 3961 578 4011 Vat.
596 3961 661 4011 1136
678 3960 772 4011 Othob.
789 3961 855 4010 Mar.
871 3960 912 4010 for
928 3963 1049 4010 mirande.
1082 3964 1183 4012 miracli
1199 3963 1279 4013 Lach.

54 4029 136 4098 llere
146 4063 177 4099 as
187 4048 245 4099 419.
359 4046 408 4096 467
419 4047 520 4108 ueprius
531 4051 575 4095 est.
608 4043 687 4094 Later
697 4059 759 4092 mss.
771 4041 824 4093 and
835 4042 886 4093 old.
898 4042 951 4092 eds.
963 4043 1019 4094 also
1030 4043 1105 4093 Pont.
1118 4044 1183 4094 Mar.
1195 4045 1251 4096 ald.
1266 4046 1280 4094 1

58 4117 150 4182 June.
166 4129 258 4180 Lumb.
275 4131 323 4180 eto.
341 4129 462 4190 corcaiae,
480 4125 611 4188 absurdly.
720 4124 769 4174 468
785 4125 860 4174 addit
876 4124 898 4173 A
914 4123 984 4174 Nico.
1002 4125 1093 4175 (lamb.
1105 4128 1121 4175 2
1132 4126 1190 4178 Vat.
1204 4127 1277 4182 Junt.

63 4208 181 4264 Oreeoh.
214 4212 320 4262 abditB
331 4210 401 4260 Flor.
413 4210 445 4259 al
456 4211 472 4258 3
484 4209 541 4260 Vat
556 4209 633 4258 Pont.
645 4208 709 4256 Mar.
721 4206 779 4255 Alo.
793 4208 806 4254 1
818 4205 910 4256 Lamb.
922 4206 997 4256 Wak.
1009 4208 1118 4260 without
1128 4212 1259 4276 meaning.

107 4296 156 4347 471
168 4297 268 4345 mittam
278 4294 345 4344 Mar.
356 4291 414 4342 Ald.
429 4291 528 4341 liunt.
540 4291 580 4340 for
590 4292 704 4341 mituam.
797 4290 846 4340 472
856 4304 904 4338 aaa
914 4291 944 4338 ia
954 4292 1045 4339 statuit
1056 4291 1135 4342 Lech.
1147 4295 1189 4343 for
1199 4312 1243 4345 suo
1254 4299 1283 4346 ia

63 4378 176 4428 maaet.
274 4375 421 4426 erotema
432 4372 497 4424 Mar.
510 4371 584 4421 lunt.
597 4371 729 4423 forseaeu.
828 4370 878 4420 486
885 4377 1005 4434 poterant
1015 4371 1084 4425 Flor.
1099 4376 1130 4425 31
1142 4377 1230 4427 camb.
1243 4378 1283 4429 for
