2834 4792
663 201 699 265 II

186 374 221 430 et
242 365 335 451 quasi
358 365 424 429 iam
446 364 505 429 leti
527 364 749 429 dominantem
772 363 806 428 in
828 385 957 448 corpore
981 372 1106 427 motum

186 469 347 534 dismtere
371 491 408 534 ac
430 491 533 554 paene
556 468 691 533 amissos
712 467 886 532 accendere
908 489 1028 531 sensus.

187 594 263 636 nam
286 594 350 657 qua
373 593 407 636 re
430 571 539 657 potius
562 570 620 637 leti
643 571 709 635 iam
731 570 843 634 limine
865 569 906 634 ab
929 569 998 655 ipso
1251 574 1319 651 960

187 675 228 740 ad
251 675 353 740 vitam
377 676 477 761 possit
499 675 644 740 conlecta
666 686 775 741 mente
798 675 927 751 reverti,

188 801 286 864 quam
310 801 373 864 quo
397 778 567 844 decursum
590 800 689 864 prope
712 778 777 842 iam
800 778 863 842 siet
885 777 932 843 ire
955 785 989 842 et
1011 776 1126 842 abire?

232 882 404 947 Praeterea
426 881 579 967 quoniam
601 881 691 946 dolor
713 890 764 947 est
786 881 844 946 ubi
866 881 1015 946 materiai

188 1007 318 1080 porpora
341 985 374 1049 vi
396 985 535 1070 quadam
558 985 760 1070 perviscera
782 985 855 1049 viva
877 1006 935 1069 per
957 994 1047 1050 artus

188 1089 363 1153 sollicitata
385 1089 452 1152 suis
474 1088 639 1173 trepidant
661 1088 696 1151 in
719 1088 850 1153 sedibus
872 1087 971 1168 intus,
1247 1090 1310 1171 965

187 1193 286 1277 inque
310 1192 416 1256 locum
438 1192 567 1277 quando
589 1190 775 1278 remigrant
797 1191 836 1256 fit
858 1191 979 1257 blanda
1000 1193 1158 1278 voluptas,

189 1294 269 1360 scire
292 1295 369 1360 licet
391 1295 481 1359 nullo
502 1293 678 1380 primordia
699 1316 792 1379 posse
814 1294 922 1360 dolore

189 1399 344 1484 temptari
367 1399 554 1485 nullamque
576 1399 778 1483 voluptatem
801 1420 914 1483 capere
937 1421 977 1463 ex
999 1421 1052 1478 se;

187 1503 447 1589 quandoquidem
470 1525 534 1566 non
557 1515 633 1567 sunt
656 1525 695 1567 ex
718 1501 793 1565 ullis
815 1501 1045 1587 principiorum

188 1606 380 1692 corporibus,
402 1628 539 1691 quorum
562 1616 670 1670 motus
692 1605 837 1670 novitate
860 1606 1006 1671 laborent
1244 1624 1311 1690 970

187 1718 246 1775 aut
268 1710 409 1796 aliquem
432 1711 573 1775 fructum
596 1709 726 1795 capiant
748 1709 928 1775 dulcedinis
949 1711 1063 1788 almae,

192 1813 273 1877 haut
295 1813 398 1899 igitur
420 1812 541 1877 debent
564 1835 632 1877 esse
655 1812 721 1877 ullo
743 1812 892 1898 praedita
912 1835 1015 1878 sensu.

235 1916 386 2002 Denique
409 1916 461 1980 uti
482 1915 606 2001 possint
628 1916 748 1981 sentire
771 1916 925 1981 animalia
947 1939 1104 2003 quaeque,

189 2020 357 2106 principiis
380 2020 407 2084 si
429 2021 494 2084 iam
517 2028 567 2085 est
589 2041 700 2085 sensus
722 2019 916 2085 tribuendus
939 2042 1058 2097 eorum,

190 2123 278 2209 quid,
301 2146 405 2211 genus
428 2123 605 2188 humanum
629 2122 800 2208 propritim
823 2122 863 2187 de
887 2122 998 2208 quibu’
1021 2123 1199 2188 factumst?
1246 2139 1308 2206 975

191 2226 312 2292 scilicet
337 2236 371 2292 et
393 2226 460 2291 risu
483 2226 622 2290 tremulo
644 2247 797 2290 concussa
819 2225 1014 2290 cachinnant

190 2339 224 2394 et
248 2328 388 2394 lacrimis
410 2336 567 2414 spargunt
588 2327 772 2391 rorantibus
795 2349 850 2391 ora
871 2349 1038 2414 genasque

190 2433 358 2517 multaque
380 2432 420 2497 de
443 2454 550 2496 rerum
573 2431 715 2495 mixtura
737 2430 843 2495 dicere
865 2430 984 2495 callent

190 2544 224 2601 et
246 2536 307 2600 sibi
333 2559 482 2622 proporro
505 2558 587 2621 quae
609 2535 676 2600 sint
699 2534 873 2620 primordia
896 2544 1078 2620 quaerunt;

191 2640 452 2725 quandoquidem
475 2639 553 2704 totis
576 2638 766 2703 mortalibus
789 2637 984 2702 adsimulata
1247 2643 1314 2721 980

104 2881 199 2930 carias.
265 2880 348 2928 eiecit.
381 2879 442 2926 eicit
452 2877 521 2926 Nico.
536 2877 605 2926 Flor.
618 2878 648 2925 31
660 2876 748 2925 (lamb.
848 2877 896 2927 954
907 2878 990 2926 oblato
1001 2875 1045 2926 old
1056 2875 1109 2925 eds.
1122 2875 1162 2924 ior
1172 2877 1267 2926 obluta.

137 2962 185 3012 961
197 2962 307 3010 rocheta
319 2957 410 3008 Lamb.
426 2959 483 3008 first
499 2958 539 3008 for
553 2961 665 3008 coniecta
676 2956 759 3007 which
771 2956 844 3006 Wsk.
856 2957 978 3019 absurdly
990 2957 1095 3007 retains.
1137 2960 1220 3020 possit
1229 2957 1312 3008 Lach.

106 3045 146 3093 for
159 3044 271 3105 possim:
289 3055 318 3090 as
329 3040 373 3090 the
390 3039 450 3089 verb
465 3043 562 3089 cannot
576 3039 642 3088 reler
657 3043 684 3089 to
695 3054 780 3088 seusus
792 3054 821 3088 or
832 3038 960 3102 anything
971 3038 1018 3088 hut
1030 3040 1145 3101 quamvis
1157 3041 1312 3088 calciantem

106 3125 204 3176 inest.
303 3123 506 3173 963Praeterea.
547 3119 770 3183 proptercalrach.
785 3120 942 3183 perversely:
960 3121 1126 3169 seenotes2:
1144 3133 1226 3169 aneu
1237 3134 1312 3183 para·

103 3205 185 3269 grsph
201 3203 290 3266 begins
306 3203 374 3254 hare.
508 3203 556 3254 975
573 3203 602 3251 de
621 3202 706 3265 quibu’
718 3203 842 3264 factumst
858 3201 948 3251 Iamb.
968 3200 1009 3252 for
1026 3203 1159 3265 dequibus
1175 3210 1312 3263 coctumst,

105 3288 157 3337 and
169 3287 217 3338 986
227 3301 277 3336 aaa
294 3302 324 3335 ea
336 3283 472 3334 ridentibu'
484 3285 571 3346 sactus
588 3285 629 3333 for
644 3299 694 3333 aaa
711 3298 741 3333 ea
758 3285 898 3333 ridentibus
915 3291 1012 3332 auctus.
1047 3282 1146 3333 Nonius
1157 3296 1183 3345 p.
1196 3284 1245 3332 511
1260 3283 1312 3334 has

105 3371 135 3420 de
152 3370 243 3432 quibas
259 3375 338 3417 actus.
374 3365 465 3415 Lamb.
483 3365 521 3416 ed
541 3368 556 3415 3
574 3365 637 3415 adds
654 3368 722 3415 most
740 3365 810 3428 truly
828 3364 956 3414 ‘Primum
974 3364 1068 3414 Latine
1084 3363 1135 3414 dici
1151 3379 1206 3414 non
1223 3369 1311 3427 potest

104 3460 193 3501 auctus
205 3453 234 3500 de
245 3465 272 3499 re
283 3454 329 3499 aut
342 3465 373 3498 ea
388 3464 414 3498 re
426 3450 524 3511 aliqua,
537 3447 582 3497 sed
597 3455 685 3497 auctus
695 3463 722 3496 re
734 3449 824 3510 aliqua
836 3446 970 3509 [speaking
981 3445 1010 3496 oi
1025 3460 1114 3496 course
1125 3446 1152 3496 oi
1168 3445 1213 3495 the
1224 3448 1311 3496 atoms

106 3533 135 3584 oi
149 3532 233 3582 which
250 3546 266 3581 a
282 3530 358 3593 thing
375 3530 399 3579 is
415 3529 506 3581 made:
530 3544 546 3577 v
563 3530 610 3577 322
628 3531 796 3591 quodcumque
813 3530 880 3577 alias
898 3544 928 3577 ea
944 3542 970 3577 se
987 3543 1025 3578 res
1042 3534 1117 3589 auget
1133 3528 1241 3590 alitque,
1259 3527 1312 3578 and

104 3615 149 3664 the
160 3614 212 3664 like
222 3613 287 3663 have
298 3612 408 3673 nothing
420 3615 447 3662 to
458 3611 491 3661 do
503 3610 566 3661 with
578 3610 622 3660 tha
638 3610 776 3673 question]¹
813 3625 876 3660 nam
893 3619 982 3660 auctus
998 3625 1087 3660 casum
1100 3609 1240 3672 septimum
1254 3609 1311 3660 sine

105 3695 293 3760 praepositione
309 3695 433 3757 postulat.
466 3693 558 3743 deinde
575 3692 646 3741 aliud
663 3695 701 3742 est
718 3701 806 3741 auctus
823 3708 849 3742 re
867 3693 965 3754 aliqua,
984 3691 1056 3741 aliud
1067 3693 1156 3754 sactus
1173 3693 1204 3741 de
1220 3707 1248 3740 re
1264 3694 1311 3741 aut

104 3794 135 3828 ar
149 3794 175 3828 re
191 3780 289 3840 aliqua.
323 3775 373 3825 hoc
388 3775 433 3837 qui
448 3774 538 3831 nescit,
550 3774 663 3822 fateatur
675 3787 702 3822 se
714 3772 845 3835 hospitem
856 3787 911 3822 esse
921 3773 950 3821 in
965 3772 1055 3834 lingua
1065 3771 1188 3822 Latina’:
1206 3771 1261 3821 this
1275 3771 1310 3821 he

106 3861 237 3911 doubtless
253 3857 376 3908 intended
393 3859 432 3908 lor
449 3856 579 3906 Gifanius.
613 3856 686 3906 Wsk.
703 3871 775 3905 more
792 3856 897 3906 iearless
917 3855 982 3906 than
1005 3855 1049 3906 the
1071 3855 1162 3918 angsls
1183 3855 1262 3918 keeps
1284 3855 1313 3905 of

105 3957 194 3993 course
216 3949 316 3991 auctum
335 3940 388 3991 and
405 3940 466 3989 thus
482 3941 634 4000 commenta,
658 3938 783 3989 ‘editores
800 3947 887 4002 aptum
903 3941 983 4003 [most
1002 3940 1113 4002 sactum]
1129 3938 1188 3988 ausi
1205 3938 1309 3996 scilicet,

105 4026 178 4075 libris
200 4023 319 4075 omnibus
341 4023 491 4085 religionem
513 4021 693 4072 invocantibus
716 4026 807 4072 contm
823 4023 946 4085 profanos
963 4021 1149 4083 emendatores,
1169 4020 1310 4072 dictionem

105 4105 225 4156 Lucretio
245 4103 424 4155 lubentissime
441 4103 632 4165 frequentatam
649 4106 771 4153 contextu
792 4119 916 4162 emovere,
933 4107 959 4153 et
977 4104 1046 4153 ietus
1063 4102 1181 4167 proprios
1202 4111 1249 4166 per
1266 4117 1309 4154 su·

107 4188 209 4238 daciam
231 4185 420 4236 odiosissimam
441 4187 519 4247 atque
540 4184 741 4248 perditissimam
762 4184 890 4235 infercire.
925 4187 954 4238 ὡς
978 4189 1099 4249 ἀργαλέον
1122 4183 1214 4250 πρᾶγμ’
1237 4189 1310 4243 ἐστίν,

106 4271 124 4321 ὦ
143 4274 188 4321 Ζεῦ
205 4273 244 4320 sal
262 4268 335 4319 teoi’.
371 4268 451 4330 Truly
467 4270 551 4317 delira
568 4270 629 4317 baec
641 4269 791 4330 furiosaque
808 4270 930 4317 ceruimus
947 4283 997 4318 esse
1014 4270 1051 4317 Et
1067 4270 1150 4318 ridere
1163 4275 1247 4331 potest
1262 4282 1312 4318 noa

106 4369 136 4403 ea
152 4351 288 4403 rideatihu’
300 4354 397 4415 factus.
535 4350 582 4403 976
598 4351 643 4399 AB
660 4350 725 4400 have
740 4349 803 4400 here
820 4353 969 4401 caciaaaat:
987 4351 1041 4401 and
1058 4365 1087 4400 so
1103 4349 1214 4414 perhaps
1232 4349 1308 4401 Lacr.
