<?xml version="1.0" encoding="UTF-8"?>
<!DOCTYPE html PUBLIC "-//W3C//DTD XHTML 1.0 Transitional//EN"
    "http://www.w3.org/TR/xhtml1/DTD/xhtml1-transitional.dtd">
<html xmlns="http://www.w3.org/1999/xhtml" xml:lang="en" lang="en">
 <head>
  <title>
</title>
<meta http-equiv="Content-Type" content="text/html;charset=utf-8" />
  <meta name='ocr-system' content='tesseract 3.04.00' />
  <meta name='ocr-capabilities' content='ocr_page ocr_carea ocr_par ocr_line ocrx_word'/>
</head>
<body>
  <div class='ocr_page' id='page_1' title='image "./tlucreticarider02duffgoog_0313.png"; bbox 0 0 2834 4792; ppageno 0'>
   <div class='ocr_carea' id='block_1_1' title="bbox 248 222 1074 477">
    <p class='ocr_par' dir='ltr' id='par_1_1' title="bbox 248 222 1074 477">
     <span class='ocr_line' id='line_1_1' title="bbox 711 222 761 287; baseline 0 0"><span class='ocrx_word' id='word_1_1' title='bbox 711 222 761 287; x_wconf 88' lang='lat' dir='ltr'>VI</span> 
     </span>
     <span class='ocr_line' id='line_1_2' title="bbox 248 389 1074 477; baseline 0.002 -22"><span class='ocrx_word' id='word_1_2' title='bbox 248 389 400 456; x_wconf 87' lang='lat' dir='ltr'>exeibant</span> <span class='ocrx_word' id='word_1_3' title='bbox 421 389 518 454; x_wconf 80' lang='lat' dir='ltr'>silvis</span> <span class='ocrx_word' id='word_1_4' title='bbox 563 390 761 475; x_wconf 86' lang='lat' dir='ltr'>languebant</span> <span class='ocrx_word' id='word_1_5' title='bbox 784 391 938 477; x_wconf 73' lang='lat' dir='ltr'>pleraque</span> <span class='ocrx_word' id='word_1_6' title='bbox 962 393 1074 458; x_wconf 90' lang='lat' dir='ltr'>morbo</span> 
     </span>
    </p>
   </div>
   <div class='ocr_carea' id='block_1_2' title="bbox 149 493 1183 3065">
    <p class='ocr_par' dir='ltr' id='par_1_2' title="bbox 248 493 1162 2035">
     <span class='ocr_line' id='line_1_3' title="bbox 248 493 1086 579; baseline 0.005 -21"><span class='ocrx_word' id='word_1_7' title='bbox 248 504 283 558; x_wconf 90' lang='lat' dir='ltr'>et</span> <span class='ocrx_word' id='word_1_8' title='bbox 306 493 533 557; x_wconf 90' lang='lat' dir='ltr'>moriebantur.</span> <span class='ocrx_word' id='word_1_9' title='bbox 577 495 788 579; x_wconf 89' lang='lat' dir='ltr'>cumprimis</span> <span class='ocrx_word' id='word_1_10' title='bbox 810 495 875 559; x_wconf 87' lang='lat' dir='ltr'>lida</span> <span class='ocrx_word' id='word_1_11' title='bbox 896 519 1013 560; x_wconf 89' lang='lat' dir='ltr'>canum</span> <span class='ocrx_word' id='word_1_12' title='bbox 1036 498 1086 562; x_wconf 88' lang='lat' dir='ltr'>vis</span> 
     </span>
     <span class='ocr_line' id='line_1_4' title="bbox 250 597 1128 688; baseline 0.006 -27"><span class='ocrx_word' id='word_1_13' title='bbox 250 608 353 661; x_wconf 88' lang='lat' dir='ltr'>strata</span> <span class='ocrx_word' id='word_1_14' title='bbox 375 597 436 662; x_wconf 90' lang='lat' dir='ltr'>viis</span> <span class='ocrx_word' id='word_1_15' title='bbox 457 598 599 662; x_wconf 92' lang='lat' dir='ltr'>animam</span> <span class='ocrx_word' id='word_1_16' title='bbox 621 599 763 683; x_wconf 89' lang='lat' dir='ltr'>ponebat</span> <span class='ocrx_word' id='word_1_17' title='bbox 784 599 820 663; x_wconf 92' lang='lat' dir='ltr'>in</span> <span class='ocrx_word' id='word_1_18' title='bbox 842 601 992 665; x_wconf 87' lang='lat' dir='ltr'>omnibus</span> <span class='ocrx_word' id='word_1_19' title='bbox 1013 624 1128 688; x_wconf 91' lang='lat' dir='ltr'>aegre;</span> 
     </span>
     <span class='ocr_line' id='line_1_5' title="bbox 249 701 1119 786; baseline 0.006 -20"><span class='ocrx_word' id='word_1_20' title='bbox 249 701 463 786; x_wconf 79' lang='lat' dir='ltr'><strong>extorquebat</strong></span> <span class='ocrx_word' id='word_1_21' title='bbox 485 703 572 766; x_wconf 87' lang='lat' dir='ltr'>enim</span> <span class='ocrx_word' id='word_1_22' title='bbox 594 703 697 766; x_wconf 89' lang='lat' dir='ltr'>vitam</span> <span class='ocrx_word' id='word_1_23' title='bbox 719 703 768 767; x_wconf 86' lang='lat' dir='ltr'>vis</span> <span class='ocrx_word' id='word_1_24' title='bbox 790 704 936 769; x_wconf 89' lang='lat' dir='ltr'>morbida</span> <span class='ocrx_word' id='word_1_25' title='bbox 957 707 1119 771; x_wconf 84' lang='lat' dir='ltr'>membris</span> 
     </span>
     <span class='ocr_line' id='line_1_6' title="bbox 250 804 1008 890; baseline 0.012 -24"><span class='ocrx_word' id='word_1_26' title='bbox 250 804 455 887; x_wconf 79' lang='lat' dir='ltr'>[incomitata</span> <span class='ocrx_word' id='word_1_27' title='bbox 475 805 546 888; x_wconf 90' lang='lat' dir='ltr'>rapi</span> <span class='ocrx_word' id='word_1_28' title='bbox 568 804 737 869; x_wconf 80' lang='lat' dir='ltr'>certabant</span> <span class='ocrx_word' id='word_1_29' title='bbox 759 805 873 870; x_wconf 84' lang='lat' dir='ltr'>funera</span> <span class='ocrx_word' id='word_1_30' title='bbox 894 807 1008 890; x_wconf 74' lang='lat' dir='ltr'>vasta]</span> 
     </span>
     <span class='ocr_line' id='line_1_7' title="bbox 250 907 1047 989; baseline 0.006 -19"><span class='ocrx_word' id='word_1_31' title='bbox 250 928 309 971; x_wconf 91' lang='lat' dir='ltr'>nec</span> <span class='ocrx_word' id='word_1_32' title='bbox 332 907 414 970; x_wconf 92' lang='lat' dir='ltr'>ratio</span> <span class='ocrx_word' id='word_1_33' title='bbox 436 907 558 971; x_wconf 86' lang='lat' dir='ltr'>remedi</span> <span class='ocrx_word' id='word_1_34' title='bbox 580 908 759 972; x_wconf 91' lang='lat' dir='ltr'>communis</span> <span class='ocrx_word' id='word_1_35' title='bbox 780 919 868 972; x_wconf 83' lang='lat' dir='ltr'>certa</span> <span class='ocrx_word' id='word_1_36' title='bbox 890 909 1047 989; x_wconf 89' lang='lat' dir='ltr'>dabatur;</span> 
     </span>
     <span class='ocr_line' id='line_1_8' title="bbox 250 1010 1007 1094; baseline 0.008 -22"><span class='ocrx_word' id='word_1_37' title='bbox 250 1031 325 1072; x_wconf 92' lang='lat' dir='ltr'>nam</span> <span class='ocrx_word' id='word_1_38' title='bbox 348 1010 434 1094; x_wconf 94' lang='lat' dir='ltr'>quod</span> <span class='ocrx_word' id='word_1_39' title='bbox 456 1010 499 1073; x_wconf 89' lang='lat' dir='ltr'>ali</span> <span class='ocrx_word' id='word_1_40' title='bbox 521 1010 654 1074; x_wconf 85' lang='lat' dir='ltr'>dederat</span> <span class='ocrx_word' id='word_1_41' title='bbox 677 1011 786 1074; x_wconf 89' lang='lat' dir='ltr'>vitalis</span> <span class='ocrx_word' id='word_1_42' title='bbox 807 1012 890 1076; x_wconf 89' lang='lat' dir='ltr'>aeris</span> <span class='ocrx_word' id='word_1_43' title='bbox 911 1035 1007 1079; x_wconf 88' lang='lat' dir='ltr'>auras</span> 
     </span>
     <span class='ocr_line' id='line_1_9' title="bbox 250 1115 1050 1200; baseline 0.005 -23"><span class='ocrx_word' id='word_1_44' title='bbox 250 1115 376 1178; x_wconf 89' lang='lat' dir='ltr'>volvere</span> <span class='ocrx_word' id='word_1_45' title='bbox 400 1115 434 1178; x_wconf 89' lang='lat' dir='ltr'>in</span> <span class='ocrx_word' id='word_1_46' title='bbox 456 1137 510 1179; x_wconf 90' lang='lat' dir='ltr'>cre</span> <span class='ocrx_word' id='word_1_47' title='bbox 532 1115 628 1178; x_wconf 90' lang='lat' dir='ltr'>licere</span> <span class='ocrx_word' id='word_1_48' title='bbox 650 1129 685 1179; x_wconf 91' lang='lat' dir='ltr'>et</span> <span class='ocrx_word' id='word_1_49' title='bbox 706 1116 787 1179; x_wconf 90' lang='lat' dir='ltr'>caeli</span> <span class='ocrx_word' id='word_1_50' title='bbox 810 1116 933 1200; x_wconf 87' lang='lat' dir='ltr'>templa</span> <span class='ocrx_word' id='word_1_51' title='bbox 955 1118 1050 1194; x_wconf 88' lang='lat' dir='ltr'>tueri,</span> 
     </span>
     <span class='ocr_line' id='line_1_10' title="bbox 252 1215 978 1304; baseline 0.007 -24"><span class='ocrx_word' id='word_1_52' title='bbox 252 1215 312 1281; x_wconf 90' lang='lat' dir='ltr'>hoc</span> <span class='ocrx_word' id='word_1_53' title='bbox 335 1218 406 1281; x_wconf 90' lang='lat' dir='ltr'>aliis</span> <span class='ocrx_word' id='word_1_54' title='bbox 428 1229 498 1282; x_wconf 90' lang='lat' dir='ltr'>erat</span> <span class='ocrx_word' id='word_1_55' title='bbox 521 1219 621 1282; x_wconf 81' lang='lat' dir='ltr'>exitio</span> <span class='ocrx_word' id='word_1_56' title='bbox 644 1219 812 1304; x_wconf 91' lang='lat' dir='ltr'>letumque</span> <span class='ocrx_word' id='word_1_57' title='bbox 834 1221 978 1304; x_wconf 87' lang='lat' dir='ltr'>parabat.</span> 
     </span>
     <span class='ocr_line' id='line_1_11' title="bbox 250 1321 1162 1410; baseline 0.004 -25"><span class='ocrx_word' id='word_1_58' title='bbox 250 1321 331 1385; x_wconf 89' lang='lat' dir='ltr'>illud</span> <span class='ocrx_word' id='word_1_59' title='bbox 354 1322 388 1385; x_wconf 93' lang='lat' dir='ltr'>in</span> <span class='ocrx_word' id='word_1_60' title='bbox 411 1322 461 1386; x_wconf 92' lang='lat' dir='ltr'>his</span> <span class='ocrx_word' id='word_1_61' title='bbox 482 1323 579 1386; x_wconf 90' lang='lat' dir='ltr'>rebus</span> <span class='ocrx_word' id='word_1_62' title='bbox 601 1323 819 1387; x_wconf 89' lang='lat' dir='ltr'>miserandum</span> <span class='ocrx_word' id='word_1_63' title='bbox 843 1345 1037 1410; x_wconf 81' lang='lat' dir='ltr'>magnopere</span> <span class='ocrx_word' id='word_1_64' title='bbox 1059 1347 1162 1389; x_wconf 91' lang='lat' dir='ltr'>unum</span> 
     </span>
     <span class='ocr_line' id='line_1_12' title="bbox 249 1424 1131 1512; baseline 0.003 -23"><span class='ocrx_word' id='word_1_65' title='bbox 249 1424 469 1489; x_wconf 78' lang='lat' dir='ltr'>aerumnabile</span> <span class='ocrx_word' id='word_1_66' title='bbox 492 1433 570 1503; x_wconf 88' lang='lat' dir='ltr'>erat,</span> <span class='ocrx_word' id='word_1_67' title='bbox 593 1425 679 1510; x_wconf 93' lang='lat' dir='ltr'>quod</span> <span class='ocrx_word' id='word_1_68' title='bbox 704 1425 759 1489; x_wconf 90' lang='lat' dir='ltr'>ubi</span> <span class='ocrx_word' id='word_1_69' title='bbox 782 1448 816 1490; x_wconf 90' lang='lat' dir='ltr'>se</span> <span class='ocrx_word' id='word_1_70' title='bbox 839 1428 976 1512; x_wconf 90' lang='lat' dir='ltr'>quisque</span> <span class='ocrx_word' id='word_1_71' title='bbox 999 1427 1131 1492; x_wconf 85' lang='lat' dir='ltr'>videbat</span> 
     </span>
     <span class='ocr_line' id='line_1_13' title="bbox 251 1527 1083 1613; baseline 0.005 -23"><span class='ocrx_word' id='word_1_72' title='bbox 251 1527 447 1613; x_wconf 88' lang='lat' dir='ltr'>implicitum</span> <span class='ocrx_word' id='word_1_73' title='bbox 471 1529 589 1604; x_wconf 87' lang='lat' dir='ltr'>morbo,</span> <span class='ocrx_word' id='word_1_74' title='bbox 614 1529 709 1592; x_wconf 90' lang='lat' dir='ltr'>morti</span> <span class='ocrx_word' id='word_1_75' title='bbox 731 1529 905 1593; x_wconf 90' lang='lat' dir='ltr'>damnatus</span> <span class='ocrx_word' id='word_1_76' title='bbox 928 1538 966 1594; x_wconf 92' lang='lat' dir='ltr'>ut</span> <span class='ocrx_word' id='word_1_77' title='bbox 988 1545 1083 1607; x_wconf 87' lang='lat' dir='ltr'>esset,</span> 
     </span>
     <span class='ocr_line' id='line_1_14' title="bbox 250 1631 1051 1709; baseline 0.005 -15"><span class='ocrx_word' id='word_1_78' title='bbox 250 1631 402 1695; x_wconf 88' lang='lat' dir='ltr'>deficiens</span> <span class='ocrx_word' id='word_1_79' title='bbox 424 1632 533 1695; x_wconf 88' lang='lat' dir='ltr'>animo</span> <span class='ocrx_word' id='word_1_80' title='bbox 556 1641 678 1696; x_wconf 90' lang='lat' dir='ltr'>maesto</span> <span class='ocrx_word' id='word_1_81' title='bbox 701 1654 775 1696; x_wconf 91' lang='lat' dir='ltr'>cum</span> <span class='ocrx_word' id='word_1_82' title='bbox 798 1632 892 1697; x_wconf 91' lang='lat' dir='ltr'>corde</span> <span class='ocrx_word' id='word_1_83' title='bbox 914 1633 1051 1709; x_wconf 89' lang='lat' dir='ltr'>iacebat,</span> 
     </span>
     <span class='ocr_line' id='line_1_15' title="bbox 251 1736 1082 1821; baseline 0.005 -22"><span class='ocrx_word' id='word_1_84' title='bbox 251 1736 364 1800; x_wconf 85' lang='lat' dir='ltr'>funera</span> <span class='ocrx_word' id='word_1_85' title='bbox 385 1745 570 1821; x_wconf 84' lang='lat' dir='ltr'>respectans</span> <span class='ocrx_word' id='word_1_86' title='bbox 592 1738 732 1800; x_wconf 91' lang='lat' dir='ltr'>animam</span> <span class='ocrx_word' id='word_1_87' title='bbox 756 1738 931 1802; x_wconf 85' lang='lat' dir='ltr'>amittebat</span> <span class='ocrx_word' id='word_1_88' title='bbox 953 1739 1082 1803; x_wconf 88' lang='lat' dir='ltr'>ibidem.</span> 
     </span>
     <span class='ocr_line' id='line_1_16' title="bbox 252 1841 1110 1928; baseline 0.002 -24"><span class='ocrx_word' id='word_1_89' title='bbox 252 1841 372 1926; x_wconf 91' lang='lat' dir='ltr'>quippe</span> <span class='ocrx_word' id='word_1_90' title='bbox 395 1841 517 1905; x_wconf 90' lang='lat' dir='ltr'>etenim</span> <span class='ocrx_word' id='word_1_91' title='bbox 540 1843 629 1906; x_wconf 91' lang='lat' dir='ltr'>nullo</span> <span class='ocrx_word' id='word_1_92' title='bbox 651 1842 820 1906; x_wconf 84' lang='lat' dir='ltr'>cessabant</span> <span class='ocrx_word' id='word_1_93' title='bbox 842 1851 987 1928; x_wconf 88' lang='lat' dir='ltr'>tempore</span> <span class='ocrx_word' id='word_1_94' title='bbox 1009 1843 1110 1928; x_wconf 84' lang='lat' dir='ltr'>apisci</span> 
     </span>
     <span class='ocr_line' id='line_1_17' title="bbox 250 1945 902 2035; baseline 0.003 -27"><span class='ocrx_word' id='word_1_95' title='bbox 250 1966 289 2035; x_wconf 83' lang='lat' dir='ltr'>ex</span> <span class='ocrx_word' id='word_1_96' title='bbox 312 1945 385 2009; x_wconf 90' lang='lat' dir='ltr'>aliis</span> <span class='ocrx_word' id='word_1_97' title='bbox 407 1946 486 2010; x_wconf 90' lang='lat' dir='ltr'>alios</span> <span class='ocrx_word' id='word_1_98' title='bbox 507 1946 595 2010; x_wconf 92' lang='lat' dir='ltr'>avidi</span> <span class='ocrx_word' id='word_1_99' title='bbox 617 1948 767 2031; x_wconf 85' lang='lat' dir='ltr'>contagia</span> <span class='ocrx_word' id='word_1_100' title='bbox 789 1946 902 2024; x_wconf 89' lang='lat' dir='ltr'>morbi,</span> 
     </span>
    </p>

    <p class='ocr_par' dir='ltr' id='par_1_3' title="bbox 149 2048 1095 2135">
     <span class='ocr_line' id='line_1_18' title="bbox 149 2048 1095 2135; baseline 0.004 -24"><span class='ocrx_word' id='word_1_101' title='bbox 149 2062 227 2130; x_wconf 82' lang='lat'>1245</span> <span class='ocrx_word' id='word_1_102' title='bbox 254 2048 412 2134; x_wconf 86' lang='lat' dir='ltr'>lanigeras</span> <span class='ocrx_word' id='word_1_103' title='bbox 436 2060 601 2134; x_wconf 88' lang='lat' dir='ltr'>tamquam</span> <span class='ocrx_word' id='word_1_104' title='bbox 626 2050 764 2135; x_wconf 88' lang='lat' dir='ltr'>pecudes</span> <span class='ocrx_word' id='word_1_105' title='bbox 787 2058 821 2114; x_wconf 91' lang='lat' dir='ltr'>et</span> <span class='ocrx_word' id='word_1_106' title='bbox 843 2051 962 2115; x_wconf 91' lang='lat' dir='ltr'>bucera</span> <span class='ocrx_word' id='word_1_107' title='bbox 983 2051 1095 2115; x_wconf 85' lang='lat' dir='ltr'>saecla</span> 
     </span>
    </p>

    <p class='ocr_par' dir='ltr' id='par_1_4' title="bbox 149 2153 1183 2444">
     <span class='ocr_line' id='line_1_19' title="bbox 149 2153 1081 2239; baseline 0.001 -21"><span class='ocrx_word' id='word_1_108' title='bbox 149 2170 229 2236; x_wconf 89' lang='lat'>1237</span> <span class='ocrx_word' id='word_1_109' title='bbox 251 2153 350 2239; x_wconf 90' lang='lat' dir='ltr'>idque</span> <span class='ocrx_word' id='word_1_110' title='bbox 374 2155 423 2217; x_wconf 90' lang='lat' dir='ltr'>vel</span> <span class='ocrx_word' id='word_1_111' title='bbox 446 2153 481 2217; x_wconf 91' lang='lat' dir='ltr'>in</span> <span class='ocrx_word' id='word_1_112' title='bbox 503 2154 616 2239; x_wconf 88' lang='lat' dir='ltr'>primis</span> <span class='ocrx_word' id='word_1_113' title='bbox 638 2154 826 2219; x_wconf 85' lang='lat' dir='ltr'>cumulabat</span> <span class='ocrx_word' id='word_1_114' title='bbox 849 2155 960 2220; x_wconf 90' lang='lat' dir='ltr'>funere</span> <span class='ocrx_word' id='word_1_115' title='bbox 983 2156 1081 2219; x_wconf 83' lang='lat' dir='ltr'>funus</span> 
     </span>
     <span class='ocr_line' id='line_1_20' title="bbox 251 2257 1183 2345; baseline 0.002 -25"><span class='ocrx_word' id='word_1_116' title='bbox 251 2280 325 2320; x_wconf 91' lang='lat' dir='ltr'>nam</span> <span class='ocrx_word' id='word_1_117' title='bbox 349 2257 544 2342; x_wconf 83' lang='lat' dir='ltr'>quicumque</span> <span class='ocrx_word' id='word_1_118' title='bbox 567 2280 640 2321; x_wconf 90' lang='lat' dir='ltr'>suos</span> <span class='ocrx_word' id='word_1_119' title='bbox 663 2257 850 2343; x_wconf 84' lang='lat' dir='ltr'>fugitabant</span> <span class='ocrx_word' id='word_1_120' title='bbox 873 2258 975 2322; x_wconf 91' lang='lat' dir='ltr'>visere</span> <span class='ocrx_word' id='word_1_121' title='bbox 998 2258 1040 2323; x_wconf 88' lang='lat' dir='ltr'>ad</span> <span class='ocrx_word' id='word_1_122' title='bbox 1062 2281 1183 2345; x_wconf 89' lang='lat' dir='ltr'>aegros,</span> 
     </span>
     <span class='ocr_line' id='line_1_21' title="bbox 251 2359 1018 2444; baseline 0.001 -21"><span class='ocrx_word' id='word_1_123' title='bbox 251 2359 330 2423; x_wconf 89' lang='lat' dir='ltr'>vitai</span> <span class='ocrx_word' id='word_1_124' title='bbox 355 2360 491 2423; x_wconf 90' lang='lat' dir='ltr'>nimium</span> <span class='ocrx_word' id='word_1_125' title='bbox 515 2359 649 2444; x_wconf 91' lang='lat' dir='ltr'>cupidos</span> <span class='ocrx_word' id='word_1_126' title='bbox 671 2360 847 2444; x_wconf 89' lang='lat' dir='ltr'>mortisque</span> <span class='ocrx_word' id='word_1_127' title='bbox 871 2359 1018 2441; x_wconf 88' lang='lat' dir='ltr'>timentis</span> 
     </span>
    </p>

    <p class='ocr_par' dir='ltr' id='par_1_5' title="bbox 150 2463 1111 2961">
     <span class='ocr_line' id='line_1_22' title="bbox 150 2463 1039 2549; baseline 0 -21"><span class='ocrx_word' id='word_1_128' title='bbox 150 2482 232 2544; x_wconf 92' lang='grc'>1240</span> <span class='ocrx_word' id='word_1_129' title='bbox 253 2463 408 2549; x_wconf 89' lang='lat' dir='ltr'>poenibat</span> <span class='ocrx_word' id='word_1_130' title='bbox 430 2465 526 2548; x_wconf 87' lang='lat' dir='ltr'>paulo</span> <span class='ocrx_word' id='word_1_131' title='bbox 549 2473 621 2547; x_wconf 90' lang='lat' dir='ltr'>post</span> <span class='ocrx_word' id='word_1_132' title='bbox 644 2465 733 2549; x_wconf 86' lang='lat' dir='ltr'>turpi</span> <span class='ocrx_word' id='word_1_133' title='bbox 757 2475 859 2527; x_wconf 89' lang='lat' dir='ltr'>morte</span> <span class='ocrx_word' id='word_1_134' title='bbox 882 2464 1039 2549; x_wconf 88' lang='lat' dir='ltr'>malaque,</span> 
     </span>
     <span class='ocr_line' id='line_1_23' title="bbox 251 2565 988 2650; baseline 0 -20"><span class='ocrx_word' id='word_1_135' title='bbox 251 2567 401 2641; x_wconf 85' lang='lat' dir='ltr'>desertos,</span> <span class='ocrx_word' id='word_1_136' title='bbox 424 2567 492 2650; x_wconf 89' lang='lat' dir='ltr'>opis</span> <span class='ocrx_word' id='word_1_137' title='bbox 516 2567 666 2649; x_wconf 84' lang='lat' dir='ltr'>expertis,</span> <span class='ocrx_word' id='word_1_138' title='bbox 688 2565 813 2629; x_wconf 91' lang='lat' dir='ltr'>incuria</span> <span class='ocrx_word' id='word_1_139' title='bbox 837 2577 988 2630; x_wconf 88' lang='lat' dir='ltr'>mactans.</span> 
     </span>
     <span class='ocr_line' id='line_1_24' title="bbox 252 2669 1081 2755; baseline 0 -22"><span class='ocrx_word' id='word_1_140' title='bbox 252 2670 307 2754; x_wconf 92' lang='lat' dir='ltr'>qui</span> <span class='ocrx_word' id='word_1_141' title='bbox 332 2671 460 2733; x_wconf 84' lang='lat' dir='ltr'>fuerant</span> <span class='ocrx_word' id='word_1_142' title='bbox 483 2680 594 2733; x_wconf 89' lang='lat' dir='ltr'>autem</span> <span class='ocrx_word' id='word_1_143' title='bbox 617 2681 752 2754; x_wconf 86' lang='lat' dir='ltr'>praesto,</span> <span class='ocrx_word' id='word_1_144' title='bbox 776 2671 966 2755; x_wconf 87' lang='lat' dir='ltr'>contagibus</span> <span class='ocrx_word' id='word_1_145' title='bbox 988 2669 1081 2734; x_wconf 88' lang='lat' dir='ltr'>ibant</span> 
     </span>
     <span class='ocr_line' id='line_1_25' title="bbox 253 2773 1100 2859; baseline 0.001 -23"><span class='ocrx_word' id='word_1_146' title='bbox 253 2783 351 2858; x_wconf 88' lang='lat' dir='ltr'>atque</span> <span class='ocrx_word' id='word_1_147' title='bbox 375 2774 491 2849; x_wconf 88' lang='lat' dir='ltr'>labore,</span> <span class='ocrx_word' id='word_1_148' title='bbox 513 2774 616 2858; x_wconf 89' lang='lat' dir='ltr'>pudor</span> <span class='ocrx_word' id='word_1_149' title='bbox 638 2796 734 2858; x_wconf 89' lang='lat' dir='ltr'>quem</span> <span class='ocrx_word' id='word_1_150' title='bbox 758 2782 830 2836; x_wconf 92' lang='lat' dir='ltr'>tum</span> <span class='ocrx_word' id='word_1_151' title='bbox 853 2773 988 2859; x_wconf 90' lang='lat' dir='ltr'>cogebat</span> <span class='ocrx_word' id='word_1_152' title='bbox 1011 2773 1100 2851; x_wconf 82' lang='lat' dir='ltr'>obire</span> 
     </span>
     <span class='ocr_line' id='line_1_26' title="bbox 251 2875 1111 2961; baseline 0 -22"><span class='ocrx_word' id='word_1_153' title='bbox 251 2876 433 2961; x_wconf 87' lang='lat' dir='ltr'>blandaque</span> <span class='ocrx_word' id='word_1_154' title='bbox 457 2875 610 2939; x_wconf 88' lang='lat' dir='ltr'>lassorum</span> <span class='ocrx_word' id='word_1_155' title='bbox 634 2898 693 2938; x_wconf 84' lang='lat' dir='ltr'>vox</span> <span class='ocrx_word' id='word_1_156' title='bbox 717 2875 820 2939; x_wconf 83' lang='lat' dir='ltr'>mixta</span> <span class='ocrx_word' id='word_1_157' title='bbox 844 2897 919 2938; x_wconf 87' lang='lat' dir='ltr'>voce</span> <span class='ocrx_word' id='word_1_158' title='bbox 941 2875 1111 2959; x_wconf 85' lang='lat' dir='ltr'>querellae.</span> 
     </span>
    </p>

    <p class='ocr_par' dir='ltr' id='par_1_6' title="bbox 150 2978 1102 3065">
     <span class='ocr_line' id='line_1_27' title="bbox 150 2978 1102 3065; baseline 0 -21"><span class='ocrx_word' id='word_1_159' title='bbox 150 2982 231 3059; x_wconf 89' lang='lat'>1246</span> <span class='ocrx_word' id='word_1_160' title='bbox 252 2980 395 3064; x_wconf 88' lang='lat' dir='ltr'>optimus</span> <span class='ocrx_word' id='word_1_161' title='bbox 418 2980 477 3043; x_wconf 90' lang='lat' dir='ltr'>hoc</span> <span class='ocrx_word' id='word_1_162' title='bbox 500 2979 558 3043; x_wconf 88' lang='lat' dir='ltr'>leti</span> <span class='ocrx_word' id='word_1_163' title='bbox 580 3002 682 3065; x_wconf 90' lang='lat' dir='ltr'>genus</span> <span class='ocrx_word' id='word_1_164' title='bbox 705 3002 780 3065; x_wconf 88' lang='lat' dir='ltr'>ergo</span> <span class='ocrx_word' id='word_1_165' title='bbox 803 2978 939 3064; x_wconf 89' lang='lat' dir='ltr'>quisque</span> <span class='ocrx_word' id='word_1_166' title='bbox 962 2979 1102 3044; x_wconf 90' lang='lat' dir='ltr'>subibat.</span> 
     </span>
    </p>
   </div>
   <div class='ocr_carea' id='block_1_3' title="bbox 142 3313 1355 4443">
    <p class='ocr_par' dir='ltr' id='par_1_7' title="bbox 142 3313 1355 4443">
     <span class='ocr_line' id='line_1_28' title="bbox 145 3313 1351 3375; baseline 0.002 -13"><span class='ocrx_word' id='word_1_167' title='bbox 145 3315 242 3364; x_wconf 78' lang='lat' dir='ltr'>sedibus</span> <span class='ocrx_word' id='word_1_168' title='bbox 254 3315 366 3365; x_wconf 89' lang='lat' dir='ltr'>Macrob.</span> <span class='ocrx_word' id='word_1_169' title='bbox 379 3317 433 3364; x_wconf 81' lang='grc'>112</span> <span class='ocrx_word' id='word_1_170' title='bbox 446 3317 484 3373; x_wconf 87' lang='grc'>14,</span> <span class='ocrx_word' id='word_1_171' title='bbox 497 3315 567 3364; x_wconf 88' lang='lat' dir='ltr'>Brix.</span> <span class='ocrx_word' id='word_1_172' title='bbox 580 3315 656 3363; x_wconf 89' lang='lat' dir='ltr'>Pont.</span> <span class='ocrx_word' id='word_1_173' title='bbox 669 3315 740 3366; x_wconf 87' lang='lat' dir='ltr'>Junt.</span> <span class='ocrx_word' id='word_1_174' title='bbox 852 3316 916 3366; x_wconf 87' lang='grc'>1220</span> <span class='ocrx_word' id='word_1_175' title='bbox 927 3331 971 3365; x_wconf 80' lang='lat' dir='ltr'>nec</span> <span class='ocrx_word' id='word_1_176' title='bbox 984 3317 1071 3364; x_wconf 81' lang='lat' dir='ltr'>tristia</span> <span class='ocrx_word' id='word_1_177' title='bbox 1083 3313 1266 3375; x_wconf 68' lang='lat' dir='ltr'>Macrobii„</span> <span class='ocrx_word' id='word_1_178' title='bbox 1279 3315 1351 3365; x_wconf 86' lang='lat' dir='ltr'>Brix.</span> 
     </span>
     <span class='ocr_line' id='line_1_29' title="bbox 145 3397 1354 3468; baseline 0.002 -23"><span class='ocrx_word' id='word_1_179' title='bbox 145 3398 218 3448; x_wconf 85' lang='lat' dir='ltr'>Pcnt</span> <span class='ocrx_word' id='word_1_180' title='bbox 234 3398 329 3446; x_wconf 83' lang='lat' dir='ltr'>Arane.</span> <span class='ocrx_word' id='word_1_181' title='bbox 342 3399 382 3446; x_wconf 84' lang='lat' dir='ltr'>for</span> <span class='ocrx_word' id='word_1_182' title='bbox 393 3401 484 3449; x_wconf 78' lang='lat' dir='ltr'>ccctic.</span> <span class='ocrx_word' id='word_1_183' title='bbox 520 3413 564 3446; x_wconf 82' lang='lat' dir='ltr'>nec</span> <span class='ocrx_word' id='word_1_184' title='bbox 571 3400 654 3460; x_wconf 80' lang='lat' dir='ltr'>fortia</span> <span class='ocrx_word' id='word_1_185' title='bbox 666 3398 732 3448; x_wconf 84' lang='lat' dir='ltr'>Flcr.</span> <span class='ocrx_word' id='word_1_186' title='bbox 748 3399 779 3445; x_wconf 83' lang='lat'>31</span> <span class='ocrx_word' id='word_1_187' title='bbox 792 3398 882 3457; x_wconf 82' lang='lat' dir='ltr'>Oamb.</span> <span class='ocrx_word' id='word_1_188' title='bbox 894 3400 909 3446; x_wconf 89' lang='grc'>2</span> <span class='ocrx_word' id='word_1_189' title='bbox 921 3397 978 3448; x_wconf 83' lang='lat' dir='ltr'>Vat</span> <span class='ocrx_word' id='word_1_190' title='bbox 998 3398 1062 3448; x_wconf 89' lang='lat' dir='ltr'>Mar.</span> <span class='ocrx_word' id='word_1_191' title='bbox 1077 3398 1150 3447; x_wconf 85' lang='lat' dir='ltr'>Junt.</span> <span class='ocrx_word' id='word_1_192' title='bbox 1183 3412 1228 3468; x_wconf 78' lang='lat' dir='ltr'>ccc</span> <span class='ocrx_word' id='word_1_193' title='bbox 1240 3400 1354 3448; x_wconf 76' lang='lat' dir='ltr'>noctiba&#39;</span> 
     </span>
     <span class='ocr_line' id='line_1_30' title="bbox 146 3478 1354 3543; baseline 0.002 -16"><span class='ocrx_word' id='word_1_194' title='bbox 146 3479 235 3531; x_wconf 83' lang='lat' dir='ltr'>Lamb.</span> <span class='ocrx_word' id='word_1_195' title='bbox 272 3479 347 3528; x_wconf 88' lang='lat' dir='ltr'>Pont.</span> <span class='ocrx_word' id='word_1_196' title='bbox 360 3494 481 3543; x_wconf 84' lang='lat' dir='ltr'>proposes</span> <span class='ocrx_word' id='word_1_197' title='bbox 498 3480 552 3529; x_wconf 91' lang='grc'>1110</span> <span class='ocrx_word' id='word_1_198' title='bbox 567 3482 694 3540; x_wconf 69' lang='grc' dir='ltr'>αρνεειίας</span> <span class='ocrx_word' id='word_1_199' title='bbox 712 3479 764 3528; x_wconf 89' lang='lat' dir='ltr'>and</span> <span class='ocrx_word' id='word_1_200' title='bbox 781 3479 845 3530; x_wconf 90' lang='lat' dir='ltr'>Mar.</span> <span class='ocrx_word' id='word_1_201' title='bbox 860 3480 888 3527; x_wconf 87' lang='lat' dir='ltr'>iu</span> <span class='ocrx_word' id='word_1_202' title='bbox 904 3494 984 3540; x_wconf 83' lang='lat' dir='ltr'>marg.</span> <span class='ocrx_word' id='word_1_203' title='bbox 998 3478 1063 3528; x_wconf 88' lang='lat' dir='ltr'>Ven.</span> <span class='ocrx_word' id='word_1_204' title='bbox 1075 3482 1178 3528; x_wconf 77' lang='lat' dir='ltr'>inertia.</span> <span class='ocrx_word' id='word_1_205' title='bbox 1213 3495 1259 3529; x_wconf 83' lang='lat' dir='ltr'>ccc</span> <span class='ocrx_word' id='word_1_206' title='bbox 1274 3483 1354 3530; x_wconf 82' lang='lat' dir='ltr'>nucia</span> 
     </span>
     <span class='ocr_line' id='line_1_31' title="bbox 146 3561 1353 3623; baseline 0.002 -15"><span class='ocrx_word' id='word_1_207' title='bbox 146 3561 181 3610; x_wconf 89' lang='lat' dir='ltr'>Is.</span> <span class='ocrx_word' id='word_1_208' title='bbox 193 3561 266 3611; x_wconf 90' lang='lat' dir='ltr'>Voss.</span> <span class='ocrx_word' id='word_1_209' title='bbox 279 3561 306 3609; x_wconf 91' lang='lat' dir='ltr'>in</span> <span class='ocrx_word' id='word_1_210' title='bbox 318 3575 365 3611; x_wconf 90' lang='lat' dir='ltr'>ms.</span> <span class='ocrx_word' id='word_1_211' title='bbox 381 3567 462 3618; x_wconf 89' lang='lat' dir='ltr'>notes,</span> <span class='ocrx_word' id='word_1_212' title='bbox 475 3561 565 3611; x_wconf 91' lang='lat' dir='ltr'>Heins.</span> <span class='ocrx_word' id='word_1_213' title='bbox 580 3561 608 3608; x_wconf 93' lang='lat' dir='ltr'>in</span> <span class='ocrx_word' id='word_1_214' title='bbox 620 3574 668 3610; x_wconf 91' lang='lat' dir='ltr'>ms.</span> <span class='ocrx_word' id='word_1_215' title='bbox 681 3564 764 3618; x_wconf 87' lang='lat' dir='ltr'>notes,</span> <span class='ocrx_word' id='word_1_216' title='bbox 777 3561 834 3609; x_wconf 87' lang='lat' dir='ltr'>who</span> <span class='ocrx_word' id='word_1_217' title='bbox 846 3561 901 3609; x_wconf 89' lang='lat' dir='ltr'>also</span> <span class='ocrx_word' id='word_1_218' title='bbox 912 3574 1033 3623; x_wconf 84' lang='lat' dir='ltr'>proposes</span> <span class='ocrx_word' id='word_1_219' title='bbox 1044 3576 1088 3610; x_wconf 81' lang='lat' dir='ltr'>nec</span> <span class='ocrx_word' id='word_1_220' title='bbox 1100 3564 1203 3611; x_wconf 81' lang='lat' dir='ltr'>inertia.</span> <span class='ocrx_word' id='word_1_221' title='bbox 1289 3563 1353 3611; x_wconf 82' lang='lat'>1221</span> 
     </span>
     <span class='ocr_line' id='line_1_32' title="bbox 145 3642 1353 3706; baseline 0.002 -14"><span class='ocrx_word' id='word_1_222' title='bbox 145 3645 273 3692; x_wconf 75' lang='lat' dir='ltr'>Excidunt</span> <span class='ocrx_word' id='word_1_223' title='bbox 284 3643 363 3691; x_wconf 81' lang='lat' dir='ltr'>Irach.</span> <span class='ocrx_word' id='word_1_224' title='bbox 378 3642 417 3690; x_wconf 87' lang='grc'>101</span> <span class='ocrx_word' id='word_1_225' title='bbox 427 3645 554 3691; x_wconf 76' lang='grc'>1111111111</span> <span class='ocrx_word' id='word_1_226' title='bbox 566 3643 596 3699; x_wconf 86' lang='grc' dir='ltr'>Α,</span> <span class='ocrx_word' id='word_1_227' title='bbox 609 3644 720 3691; x_wconf 77' lang='grc'>1111111111</span> <span class='ocrx_word' id='word_1_228' title='bbox 730 3643 762 3702; x_wconf 94' lang='grc' dir='ltr'>Β,</span> <span class='ocrx_word' id='word_1_229' title='bbox 774 3644 901 3691; x_wconf 76' lang='lat' dir='ltr'>Ectebant</span> <span class='ocrx_word' id='word_1_230' title='bbox 916 3642 987 3691; x_wconf 84' lang='lat' dir='ltr'>Nice.</span> <span class='ocrx_word' id='word_1_231' title='bbox 1040 3671 1044 3680; x_wconf 84' lang='lat'><strong>·</strong></span> <span class='ocrx_word' id='word_1_232' title='bbox 1055 3643 1117 3690; x_wconf 91' lang='grc'>1225</span> <span class='ocrx_word' id='word_1_233' title='bbox 1128 3642 1156 3690; x_wconf 93' lang='lat' dir='ltr'>in</span> <span class='ocrx_word' id='word_1_234' title='bbox 1168 3658 1214 3706; x_wconf 80' lang='lat' dir='ltr'>my</span> <span class='ocrx_word' id='word_1_235' title='bbox 1222 3645 1301 3694; x_wconf 86' lang='lat' dir='ltr'>small</span> <span class='ocrx_word' id='word_1_236' title='bbox 1312 3645 1353 3694; x_wconf 90' lang='lat' dir='ltr'>sd.</span> 
     </span>
     <span class='ocr_line' id='line_1_33' title="bbox 145 3722 1355 3786; baseline 0.001 -13"><span class='ocrx_word' id='word_1_237' title='bbox 145 3725 159 3773; x_wconf 95' lang='lat' dir='ltr'>I</span> <span class='ocrx_word' id='word_1_238' title='bbox 170 3722 259 3786; x_wconf 89' lang='lat' dir='ltr'>placed</span> <span class='ocrx_word' id='word_1_239' title='bbox 271 3723 357 3773; x_wconf 81' lang='lat' dir='ltr'>before</span> <span class='ocrx_word' id='word_1_240' title='bbox 370 3724 448 3771; x_wconf 83' lang='lat'>1235:</span> <span class='ocrx_word' id='word_1_241' title='bbox 467 3723 479 3770; x_wconf 95' lang='lat' dir='ltr'>I</span> <span class='ocrx_word' id='word_1_242' title='bbox 492 3722 546 3771; x_wconf 89' lang='lat' dir='ltr'>still</span> <span class='ocrx_word' id='word_1_243' title='bbox 558 3722 635 3771; x_wconf 87' lang='lat' dir='ltr'>thinlr</span> <span class='ocrx_word' id='word_1_244' title='bbox 650 3722 708 3771; x_wconf 90' lang='lat' dir='ltr'>that</span> <span class='ocrx_word' id='word_1_245' title='bbox 723 3723 767 3771; x_wconf 91' lang='lat' dir='ltr'>the</span> <span class='ocrx_word' id='word_1_246' title='bbox 782 3723 863 3783; x_wconf 88' lang='lat' dir='ltr'>poet’s</span> <span class='ocrx_word' id='word_1_247' title='bbox 875 3722 957 3772; x_wconf 90' lang='lat' dir='ltr'>words</span> <span class='ocrx_word' id='word_1_248' title='bbox 968 3722 1053 3772; x_wconf 85' lang='lat' dir='ltr'>would</span> <span class='ocrx_word' id='word_1_249' title='bbox 1069 3723 1174 3785; x_wconf 87' lang='lat' dir='ltr'>thereby</span> <span class='ocrx_word' id='word_1_250' title='bbox 1186 3723 1217 3773; x_wconf 90' lang='lat' dir='ltr'>bc</span> <span class='ocrx_word' id='word_1_251' title='bbox 1227 3724 1355 3775; x_wconf 84' lang='lat' dir='ltr'>rendered</span> 
     </span>
     <span class='ocr_line' id='line_1_34' title="bbox 144 3802 1351 3868; baseline 0.002 -13"><span class='ocrx_word' id='word_1_252' title='bbox 144 3821 215 3856; x_wconf 86' lang='lat' dir='ltr'>mors</span> <span class='ocrx_word' id='word_1_253' title='bbox 226 3805 403 3862; x_wconf 79' lang='lat' dir='ltr'>consecrrtiv03</span> <span class='ocrx_word' id='word_1_254' title='bbox 421 3804 467 3852; x_wconf 92' lang='lat' dir='ltr'>but</span> <span class='ocrx_word' id='word_1_255' title='bbox 478 3805 492 3852; x_wconf 96' lang='lat' dir='ltr'>I</span> <span class='ocrx_word' id='word_1_256' title='bbox 503 3819 560 3853; x_wconf 90' lang='lat' dir='ltr'>now</span> <span class='ocrx_word' id='word_1_257' title='bbox 572 3820 613 3853; x_wconf 92' lang='lat' dir='ltr'>ses</span> <span class='ocrx_word' id='word_1_258' title='bbox 624 3804 682 3853; x_wconf 88' lang='lat' dir='ltr'>that</span> <span class='ocrx_word' id='word_1_259' title='bbox 695 3806 757 3852; x_wconf 82' lang='lat'>1235</span> <span class='ocrx_word' id='word_1_260' title='bbox 770 3802 864 3853; x_wconf 85' lang='lat' dir='ltr'>should</span> <span class='ocrx_word' id='word_1_261' title='bbox 879 3806 925 3852; x_wconf 90' lang='lat' dir='ltr'>not</span> <span class='ocrx_word' id='word_1_262' title='bbox 940 3804 971 3853; x_wconf 90' lang='lat' dir='ltr'>bs</span> <span class='ocrx_word' id='word_1_263' title='bbox 987 3804 1091 3852; x_wconf 88' lang='lat' dir='ltr'>severed</span> <span class='ocrx_word' id='word_1_264' title='bbox 1107 3805 1174 3853; x_wconf 86' lang='lat' dir='ltr'>from</span> <span class='ocrx_word' id='word_1_265' title='bbox 1187 3806 1260 3868; x_wconf 88' lang='grc'>1234,</span> <span class='ocrx_word' id='word_1_266' title='bbox 1274 3807 1351 3858; x_wconf 83' lang='lat' dir='ltr'>Lacr.</span> 
     </span>
     <span class='ocr_line' id='line_1_35' title="bbox 144 3884 1353 3949; baseline 0.002 -12"><span class='ocrx_word' id='word_1_267' title='bbox 144 3889 239 3949; x_wconf 81' lang='lat' dir='ltr'>having</span> <span class='ocrx_word' id='word_1_268' title='bbox 256 3884 486 3949; x_wconf 88' lang='lat' dir='ltr'>misapprehended</span> <span class='ocrx_word' id='word_1_269' title='bbox 501 3900 516 3934; x_wconf 89' lang='lat' dir='ltr'>a</span> <span class='ocrx_word' id='word_1_270' title='bbox 532 3888 652 3935; x_wconf 87' lang='lat' dir='ltr'>sentence</span> <span class='ocrx_word' id='word_1_271' title='bbox 667 3886 695 3934; x_wconf 87' lang='lat' dir='ltr'>of</span> <span class='ocrx_word' id='word_1_272' title='bbox 711 3885 889 3948; x_wconf 84' lang='lat' dir='ltr'>Thucydides:</span> <span class='ocrx_word' id='word_1_273' title='bbox 907 3885 1000 3935; x_wconf 86' lang='lat' dir='ltr'>Ihave</span> <span class='ocrx_word' id='word_1_274' title='bbox 1016 3886 1144 3936; x_wconf 78' lang='lat' dir='ltr'>therefore</span> <span class='ocrx_word' id='word_1_275' title='bbox 1159 3902 1218 3936; x_wconf 87' lang='lat' dir='ltr'>now</span> <span class='ocrx_word' id='word_1_276' title='bbox 1228 3888 1276 3938; x_wconf 87' lang='lat' dir='ltr'>left</span> <span class='ocrx_word' id='word_1_277' title='bbox 1288 3890 1353 3939; x_wconf 88' lang='grc'>1225</span> 
     </span>
     <span class='ocr_line' id='line_1_36' title="bbox 144 3967 1352 4034; baseline 0 -14"><span class='ocrx_word' id='word_1_278' title='bbox 144 3973 172 4020; x_wconf 89' lang='lat' dir='ltr'>in</span> <span class='ocrx_word' id='word_1_279' title='bbox 183 3971 217 4020; x_wconf 90' lang='lat' dir='ltr'>its</span> <span class='ocrx_word' id='word_1_280' title='bbox 228 3970 309 4032; x_wconf 87' lang='lat' dir='ltr'>place,</span> <span class='ocrx_word' id='word_1_281' title='bbox 321 3984 351 4018; x_wconf 91' lang='lat' dir='ltr'>as</span> <span class='ocrx_word' id='word_1_282' title='bbox 363 3983 397 4016; x_wconf 91' lang='lat' dir='ltr'>an</span> <span class='ocrx_word' id='word_1_283' title='bbox 408 3967 542 4029; x_wconf 74' lang='lat' dir='ltr'>imperfect</span> <span class='ocrx_word' id='word_1_284' title='bbox 558 3968 703 4030; x_wconf 83' lang='lat' dir='ltr'>fragment:</span> <span class='ocrx_word' id='word_1_285' title='bbox 721 3983 763 4018; x_wconf 86' lang='lat' dir='ltr'>ses</span> <span class='ocrx_word' id='word_1_286' title='bbox 778 3973 853 4017; x_wconf 91' lang='lat' dir='ltr'>notes</span> <span class='ocrx_word' id='word_1_287' title='bbox 865 3970 889 4019; x_wconf 88' lang='grc'>2.</span> <span class='ocrx_word' id='word_1_288' title='bbox 991 3969 1055 4017; x_wconf 89' lang='grc'>1234</span> <span class='ocrx_word' id='word_1_289' title='bbox 1067 3971 1199 4018; x_wconf 84' lang='lat' dir='ltr'>amittebat</span> <span class='ocrx_word' id='word_1_290' title='bbox 1210 3970 1232 4018; x_wconf 94' lang='lat' dir='ltr'><strong>B</strong></span> <span class='ocrx_word' id='word_1_291' title='bbox 1244 3969 1352 4034; x_wconf 79' lang='lat' dir='ltr'>rightly.</span> 
     </span>
     <span class='ocr_line' id='line_1_37' title="bbox 144 4050 1353 4114; baseline 0.002 -11"><span class='ocrx_word' id='word_1_292' title='bbox 144 4056 269 4104; x_wconf 80' lang='lat' dir='ltr'>imittebct</span> <span class='ocrx_word' id='word_1_293' title='bbox 280 4053 310 4101; x_wconf 81' lang='lat' dir='ltr'>A.</span> <span class='ocrx_word' id='word_1_294' title='bbox 345 4053 460 4100; x_wconf 80' lang='lat' dir='ltr'>mittebat</span> <span class='ocrx_word' id='word_1_295' title='bbox 471 4050 542 4100; x_wconf 88' lang='lat' dir='ltr'>Nice.</span> <span class='ocrx_word' id='word_1_296' title='bbox 554 4050 658 4100; x_wconf 89' lang='lat' dir='ltr'>whence</span> <span class='ocrx_word' id='word_1_297' title='bbox 668 4051 747 4100; x_wconf 90' lang='lat' dir='ltr'>much</span> <span class='ocrx_word' id='word_1_298' title='bbox 758 4066 835 4102; x_wconf 87' lang='lat' dir='ltr'>error.</span> <span class='ocrx_word' id='word_1_299' title='bbox 969 4052 1032 4100; x_wconf 90' lang='grc'>1235</span> <span class='ocrx_word' id='word_1_300' title='bbox 1044 4054 1125 4114; x_wconf 81' lang='lat' dir='ltr'>apisci</span> <span class='ocrx_word' id='word_1_301' title='bbox 1135 4052 1205 4101; x_wconf 85' lang='lat' dir='ltr'>Flor.</span> <span class='ocrx_word' id='word_1_302' title='bbox 1217 4053 1249 4102; x_wconf 88' lang='grc'>31</span> <span class='ocrx_word' id='word_1_303' title='bbox 1262 4055 1353 4106; x_wconf 77' lang='lat' dir='ltr'>(lamb.</span> 
     </span>
     <span class='ocr_line' id='line_1_38' title="bbox 144 4131 1352 4197; baseline 0 -12"><span class='ocrx_word' id='word_1_304' title='bbox 144 4136 214 4185; x_wconf 76' lang='lat' dir='ltr'>Bria.</span> <span class='ocrx_word' id='word_1_305' title='bbox 226 4135 301 4183; x_wconf 86' lang='lat' dir='ltr'>Pont.</span> <span class='ocrx_word' id='word_1_306' title='bbox 314 4134 379 4184; x_wconf 89' lang='lat' dir='ltr'>Mar.</span> <span class='ocrx_word' id='word_1_307' title='bbox 393 4132 433 4182; x_wconf 87' lang='lat' dir='ltr'>lor</span> <span class='ocrx_word' id='word_1_308' title='bbox 444 4134 544 4194; x_wconf 83' lang='lat' dir='ltr'>apiscit.</span> <span class='ocrx_word' id='word_1_309' title='bbox 645 4134 709 4183; x_wconf 81' lang='grc'>1237</span> <span class='ocrx_word' id='word_1_310' title='bbox 722 4132 806 4197; x_wconf 81' lang='grc'>(1245)</span> <span class='ocrx_word' id='word_1_311' title='bbox 819 4131 909 4195; x_wconf 84' lang='lat' dir='ltr'>placed</span> <span class='ocrx_word' id='word_1_312' title='bbox 924 4132 985 4182; x_wconf 88' lang='lat' dir='ltr'>hers</span> <span class='ocrx_word' id='word_1_313' title='bbox 996 4133 1031 4195; x_wconf 86' lang='lat' dir='ltr'>by</span> <span class='ocrx_word' id='word_1_314' title='bbox 1041 4133 1127 4182; x_wconf 91' lang='lat' dir='ltr'>Bentl.</span> <span class='ocrx_word' id='word_1_315' title='bbox 1142 4133 1209 4183; x_wconf 84' lang='lat' dir='ltr'>after</span> <span class='ocrx_word' id='word_1_316' title='bbox 1220 4133 1352 4197; x_wconf 76' lang='lat' dir='ltr'>Thucyd:</span> 
     </span>
     <span class='ocr_line' id='line_1_39' title="bbox 145 4214 1352 4279; baseline 0 -12"><span class='ocrx_word' id='word_1_317' title='bbox 145 4220 209 4267; x_wconf 88' lang='lat' dir='ltr'>Mar.</span> <span class='ocrx_word' id='word_1_318' title='bbox 222 4218 294 4266; x_wconf 86' lang='lat' dir='ltr'>Junt.</span> <span class='ocrx_word' id='word_1_319' title='bbox 306 4216 397 4266; x_wconf 88' lang='lat' dir='ltr'>Lamb.</span> <span class='ocrx_word' id='word_1_320' title='bbox 410 4217 458 4265; x_wconf 87' lang='lat' dir='ltr'>stc.</span> <span class='ocrx_word' id='word_1_321' title='bbox 470 4219 517 4278; x_wconf 90' lang='lat' dir='ltr'>put</span> <span class='ocrx_word' id='word_1_322' title='bbox 528 4215 550 4264; x_wconf 90' lang='lat' dir='ltr'>it</span> <span class='ocrx_word' id='word_1_323' title='bbox 562 4216 626 4264; x_wconf 85' lang='lat' dir='ltr'>after</span> <span class='ocrx_word' id='word_1_324' title='bbox 639 4216 702 4263; x_wconf 90' lang='grc'>1242</span> <span class='ocrx_word' id='word_1_325' title='bbox 715 4214 808 4279; x_wconf 90' lang='grc'>(1241).</span> <span class='ocrx_word' id='word_1_326' title='bbox 968 4215 1032 4266; x_wconf 88' lang='grc'>1239</span> <span class='ocrx_word' id='word_1_327' title='bbox 1043 4218 1122 4265; x_wconf 80' lang='lat' dir='ltr'>visere</span> <span class='ocrx_word' id='word_1_328' title='bbox 1133 4215 1202 4265; x_wconf 84' lang='lat' dir='ltr'>Flcr.</span> <span class='ocrx_word' id='word_1_329' title='bbox 1215 4217 1247 4265; x_wconf 91' lang='grc'>31</span> <span class='ocrx_word' id='word_1_330' title='bbox 1260 4217 1352 4267; x_wconf 80' lang='lat' dir='ltr'>camb.</span> 
     </span>
     <span class='ocr_line' id='line_1_40' title="bbox 143 4298 1352 4363; baseline 0 -13"><span class='ocrx_word' id='word_1_331' title='bbox 143 4300 282 4351; x_wconf 77' lang='grc'>1011111111.</span> <span class='ocrx_word' id='word_1_332' title='bbox 418 4299 480 4346; x_wconf 91' lang='grc'>1241</span> <span class='ocrx_word' id='word_1_333' title='bbox 492 4300 616 4348; x_wconf 81' lang='lat' dir='ltr'>Poenibct</span> <span class='ocrx_word' id='word_1_334' title='bbox 628 4298 740 4348; x_wconf 83' lang='lat' dir='ltr'>Turneb.</span> <span class='ocrx_word' id='word_1_335' title='bbox 753 4313 795 4360; x_wconf 88' lang='lat' dir='ltr'>ap.</span> <span class='ocrx_word' id='word_1_336' title='bbox 806 4298 898 4348; x_wconf 87' lang='lat' dir='ltr'>Lamb.</span> <span class='ocrx_word' id='word_1_337' title='bbox 907 4299 948 4347; x_wconf 86' lang='lat' dir='ltr'>for</span> <span class='ocrx_word' id='word_1_338' title='bbox 958 4300 1083 4349; x_wconf 74' lang='lat' dir='ltr'>Poenicus</span> <span class='ocrx_word' id='word_1_339' title='bbox 1094 4305 1122 4348; x_wconf 84' lang='lat' dir='ltr'>ct</span> <span class='ocrx_word' id='word_1_340' title='bbox 1134 4298 1185 4360; x_wconf 80' lang='grc'>(1.1.</span> <span class='ocrx_word' id='word_1_341' title='bbox 1194 4301 1299 4352; x_wconf 79' lang='lat' dir='ltr'>Pocaib.</span> <span class='ocrx_word' id='word_1_342' title='bbox 1313 4305 1352 4363; x_wconf 85' lang='lat' dir='ltr'>ct)</span> 
     </span>
     <span class='ocr_line' id='line_1_41' title="bbox 142 4378 1352 4443; baseline 0.001 -13"><span class='ocrx_word' id='word_1_343' title='bbox 142 4379 173 4440; x_wconf 88' lang='lat' dir='ltr'>B,</span> <span class='ocrx_word' id='word_1_344' title='bbox 184 4382 309 4431; x_wconf 81' lang='lat' dir='ltr'>Poenibus</span> <span class='ocrx_word' id='word_1_345' title='bbox 320 4389 344 4429; x_wconf 82' lang='lat' dir='ltr'>et</span> <span class='ocrx_word' id='word_1_346' title='bbox 355 4380 378 4428; x_wconf 87' lang='lat' dir='ltr'>A</span> <span class='ocrx_word' id='word_1_347' title='bbox 388 4379 459 4430; x_wconf 85' lang='lat' dir='ltr'>Nice.</span> <span class='ocrx_word' id='word_1_348' title='bbox 471 4383 532 4429; x_wconf 84' lang='lat' dir='ltr'>etc:</span> <span class='ocrx_word' id='word_1_349' title='bbox 550 4395 632 4443; x_wconf 88' lang='lat' dir='ltr'>comp.</span> <span class='ocrx_word' id='word_1_350' title='bbox 647 4394 663 4428; x_wconf 89' lang='lat' dir='ltr'>v</span> <span class='ocrx_word' id='word_1_351' title='bbox 675 4380 747 4431; x_wconf 80' lang='lat'><strong>1071.</strong></span> <span class='ocrx_word' id='word_1_352' title='bbox 915 4379 978 4427; x_wconf 91' lang='grc'>1242</span> <span class='ocrx_word' id='word_1_353' title='bbox 989 4382 1092 4428; x_wconf 77' lang='lat' dir='ltr'>incuria</span> <span class='ocrx_word' id='word_1_354' title='bbox 1101 4378 1170 4428; x_wconf 88' lang='lat' dir='ltr'>Flor.</span> <span class='ocrx_word' id='word_1_355' title='bbox 1182 4380 1224 4439; x_wconf 89' lang='grc'>31,</span> <span class='ocrx_word' id='word_1_356' title='bbox 1235 4381 1266 4430; x_wconf 80' lang='lat' dir='ltr'>ia</span> <span class='ocrx_word' id='word_1_357' title='bbox 1277 4384 1352 4430; x_wconf 80' lang='lat' dir='ltr'>caric</span> 
     </span>
    </p>
   </div>
   <div class='ocr_carea' id='block_1_4' title="bbox 0 0 1426 4792">
    <p class='ocr_par' dir='ltr' id='par_1_8' title="bbox 0 0 1426 4792">
     <span class='ocr_line' id='line_1_42' title="bbox 0 0 1426 4792; baseline 0 0"><span class='ocrx_word' id='word_1_358' title='bbox 0 0 1426 4792; x_wconf 95' lang='lat' dir='ltr'> </span> 
     </span>
    </p>
   </div>
  </div>
 </body>
</html>
