2834 4792
748 208 765 271 Ι

240 377 273 432 te
296 369 443 454 sequitur
465 369 581 454 cupide
604 393 667 456 quo
690 392 851 456 quamque
873 369 1025 435 inducere
1047 368 1162 456 pergis.

241 470 380 557 denique
402 494 460 556 per
482 473 583 536 maria
605 495 642 537 ac
665 473 783 537 montis
806 473 984 558 fluviosque
1006 472 1131 558 rapacis

241 574 492 659 frondiferasque
514 575 625 640 domos
646 577 755 641 avium
779 598 971 661 camposque
995 574 1130 640 virentis

241 677 390 742 omnibus
411 678 573 744 incutiens
595 679 751 744 blandum
774 701 831 764 per
852 687 983 764 pectora
1004 699 1146 742 amorem

241 780 338 845 efficis
361 790 400 846 ut
422 781 538 866 cupide
560 782 740 868 generatim
763 781 867 846 saecla
889 789 1076 866 propagent.

240 907 323 969 quae
346 885 497 970 quoniam
519 909 627 951 rerum
649 895 799 951 naturam
822 886 889 950 sola
910 885 1072 973 gubernas

241 1009 300 1052 nec
322 989 391 1052 sine
414 997 447 1053 te
470 989 643 1074 quicquam
666 990 736 1054 dias
758 991 792 1053 in
815 988 948 1054 luminis
970 1011 1040 1054 oras

240 1093 384 1157 exoritur
405 1115 511 1179 neque
534 1093 573 1158 fit
595 1094 717 1158 laetum
740 1115 845 1178 neque
867 1092 1006 1158 amabile
1029 1091 1211 1178 quicquam,

241 1205 274 1260 te
297 1195 415 1260 sociam
437 1195 552 1261 studeo
573 1195 749 1261 scribendis
772 1196 917 1261 versibus
938 1218 1008 1261 esse

241 1321 320 1384 quos
342 1321 401 1386 ego
423 1300 464 1364 de
486 1323 593 1364 rerum
616 1309 733 1365 natura
754 1322 895 1394 pangere
917 1322 1012 1364 conor

241 1404 455 1469 Memmiadae
478 1414 595 1482 nostro,
618 1427 714 1490 quem
737 1414 785 1482 tu,
807 1405 876 1481 dea,
898 1413 1044 1489 tempore
1065 1403 1101 1467 in
1123 1401 1211 1466 omni

240 1506 389 1571 omnibus
412 1517 561 1572 ornatum
584 1508 715 1573 voluisti
737 1507 892 1573 excellere
914 1507 1017 1572 rebus

241 1632 304 1696 quo
327 1611 430 1697 magis
451 1620 620 1676 aeternum
642 1612 684 1675 da
706 1612 810 1688 dictis,
833 1611 917 1689 diva,
939 1612 1088 1696 leporem.

242 1714 330 1778 effice
353 1726 391 1778 ut
414 1715 538 1779 interea
561 1715 627 1779 fera
650 1737 799 1779 moenera
821 1714 951 1779 militiai

242 1839 299 1902 per
321 1810 422 1881 maria
443 1840 480 1881 ac
503 1827 605 1882 terras
627 1818 731 1882 omnis
754 1817 860 1902 sopita
881 1817 1057 1903 quiescant.

242 1942 317 1982 nam
341 1927 378 1983 tu
401 1920 467 1984 sola
490 1929 582 2006 potes
605 1920 779 2005 tranquilla
800 1942 879 2006 pace
901 1920 1012 1985 iuvare

243 2022 395 2100 mortalis,
417 2024 568 2108 quoniam
592 2024 669 2088 belli
692 2025 759 2089 fera
780 2045 930 2088 moenera
953 2024 1082 2087 Mavors

242 2128 440 2212 armipotens
462 2129 554 2215 regit,
577 2129 612 2192 in
634 2129 794 2216 gremium
817 2128 873 2213 qui
896 2150 991 2212 saepe
1013 2136 1109 2192 tuum
1131 2148 1165 2191 se

242 2231 335 2295 reicit
357 2239 488 2296 aeterno
511 2232 658 2297 devictus
681 2233 813 2297 vulnere
835 2231 961 2307 amoris,

241 2346 340 2420 atque
362 2336 410 2400 ita
432 2336 608 2420 suspiciens
630 2336 728 2402 tereti
750 2337 872 2401 cervice
894 2345 1023 2422 reposta

242 2438 345 2523 pascit
368 2462 475 2504 amore
498 2425 608 2504 avidos
630 2439 758 2504 inhians
780 2440 814 2503 in
837 2448 879 2516 te,
902 2441 970 2517 dea,
994 2439 1089 2514 visus,

243 2564 324 2626 eque
347 2551 405 2607 tuo
427 2543 547 2628 pendet
570 2543 711 2630 resupini
735 2543 868 2628 spiritus
890 2566 951 2608 ore.

243 2644 328 2709 hunc
351 2654 397 2722 tu,
420 2645 503 2724 diva,
526 2656 583 2711 tuo
606 2647 813 2712 recubantem
837 2670 965 2733 corpore
988 2655 1098 2711 sancto

242 2748 434 2813 circumfusa
456 2772 559 2834 super,
583 2750 691 2815 suavis
713 2773 752 2814 ex
775 2772 828 2814 ore
851 2749 1006 2835 loquellas

243 2852 341 2915 funde
364 2860 478 2938 petens
501 2853 660 2938 placidam
684 2852 846 2929 Romanis,
869 2852 1001 2929 incluta,
1024 2873 1144 2936 pacem.

242 2979 316 3020 nam
339 2979 444 3042 neque
467 2979 524 3021 nos
546 2979 641 3043 agere
664 2957 723 3020 hoc
746 2957 864 3042 patriai
887 2966 1032 3042 tempore
1056 2955 1167 3040 iniquo

157 3223 284 3283 qrtodque:
308 3220 361 3270 this
379 3221 509 3271 Victorius
529 3221 556 3270 in
575 3221 617 3270 his
639 3236 703 3284 copy
720 3222 747 3269 of
769 3220 903 3270 Marullus’
923 3219 1079 3270 corrections
1096 3220 1154 3270 first
1173 3222 1252 3269 wrote
1275 3219 1363 3278 domi,

156 3300 209 3350 and
230 3302 380 3352 afterwards
400 3301 495 3360 erased,
517 3302 623 3352 because
644 3302 656 3350 I
679 3316 797 3364 presumo
817 3302 862 3353 the
880 3302 933 3352 line
952 3302 980 3352 oi
1000 3301 1045 3352 the
1067 3301 1175 3352 Juntine
1192 3301 1319 3353 rendered
1342 3303 1364 3352 it

157 3398 343 3447 unnecessary:
361 3387 478 3446 astrong
492 3384 636 3434 indication
652 3383 710 3434 that
726 3383 759 3433 he
775 3388 818 3446 got
834 3384 887 3434 this
902 3397 924 3434 v.
943 3383 1010 3433 lronr
1029 3383 1103 3433 Junt.
1119 3398 1135 3432 a
1150 3397 1216 3446 copy
1229 3383 1258 3434 ol
1273 3384 1361 3435 which

157 3481 214 3516 now
229 3468 258 3515 in
276 3466 320 3516 the
338 3466 445 3516 Munich
465 3466 560 3529 library
579 3468 612 3516 he
632 3467 680 3516 has
703 3466 774 3517 filled
792 3467 855 3516 with
873 3466 1002 3517 elaborate
1018 3469 1092 3517 notes
1109 3466 1136 3514 oi
1157 3465 1200 3515 his
1217 3479 1293 3518 own:
1316 3465 1362 3515 his

157 3550 266 3612 spelling
284 3555 327 3600 too
344 3551 371 3599 of
388 3554 482 3599 amneio
499 3549 526 3599 in
544 3549 585 3599 his
603 3550 697 3600 second
713 3565 778 3613 copy
794 3551 822 3600 of
836 3550 900 3600 Ven.
918 3549 999 3599 shews
1015 3549 1049 3599 he
1065 3548 1128 3599 took
1141 3548 1163 3598 it
1181 3550 1248 3599 lrom
1266 3549 1361 3608 Juntr

156 3647 185 3682 as
205 3632 341 3682 Pantanus
360 3632 412 3682 and
430 3632 557 3682 Marullus
575 3634 705 3695 recognise
722 3633 784 3695 only
798 3649 833 3682 -es
849 3647 879 3682 or
895 3635 936 3682 ab.
971 3630 1054 3694 Agsin
1070 3631 1214 3682 Lambinus
1229 3630 1361 3685 whoevi·

156 3713 245 3776 dently
260 3711 312 3763 had
329 3728 415 3763 aceess
431 3718 459 3763 to
475 3728 524 3763 ms.
542 3716 615 3763 notes
632 3714 660 3763 of
677 3713 812 3763 Pontanus
827 3728 856 3762 as
871 3711 955 3763 stated
970 3712 1058 3772 above,
1074 3726 1134 3775 says
1152 3711 1287 3775 durmaig
1301 3710 1331 3763 iu
1344 3728 1363 3763 a

157 3810 265 3858 passage
282 3796 387 3860 already
403 3796 499 3858 quoted
517 3796 545 3845 in
565 3811 591 3859 p.
611 3798 627 3844 8
649 3799 746 3857 ‘neque
765 3810 825 3845 eum
842 3794 986 3857 Naugerius
1002 3808 1085 3856 neque
1104 3794 1240 3844 Fontanus
1258 3793 1356 3846 habue-

157 3880 249 3927 runt’:
267 3876 337 3927 what
353 3877 387 3927 he
405 3877 478 3927 there
498 3892 557 3940 says
575 3878 603 3927 of
621 3877 748 3927 Marullus
765 3877 788 3926 is
806 3891 874 3926 mere
893 3879 985 3939 repert.
1021 3876 1090 3926 Nico.
1111 3873 1163 3925 and
1181 3874 1227 3925 the
1243 3875 1360 3927 Italians

156 3957 251 4019 having
271 3957 387 4019 changed
406 3957 434 4005 in
453 3957 484 4007 16
505 3973 627 4020 quamque
646 3956 704 4006 into
723 3972 819 4020 eoaque
838 3956 890 4006 had
909 3955 1031 4007 rendered
1048 3955 1093 4006 the
1110 3959 1229 4006 sentenoe
1244 3957 1359 4025 unintel-

154 4039 239 4100 ligible
251 4038 361 4088 without
373 4053 442 4088 some
454 4039 580 4088 addition.
680 4038 711 4087 16
718 4041 804 4102 pergis
815 4037 887 4087 Nice.
899 4039 921 4086 A
932 4051 998 4087 corr.
1009 4041 1058 4087 eta.
1070 4037 1110 4087 for
1122 4040 1206 4098 tergis.

204 4125 234 4174 27
252 4130 365 4171 mnarum
382 4123 404 4170 A
424 4137 488 4170 corr.
509 4120 626 4171 Priscian
646 4125 694 4170 etc.
715 4122 754 4169 lor
773 4123 905 4170 oralatrlm.
1004 4121 1035 4168 32
1053 4121 1113 4182 sera
1129 4134 1244 4170 awenera
1261 4119 1357 4171 Lamb.

154 4204 193 4252 lor
206 4205 290 4265 seram
308 4219 392 4252 onera.
425 4205 522 4252 crocala
542 4202 667 4251 soholiast
685 4202 713 4251 of
735 4201 842 4251 Statius.
941 4202 973 4249 33
992 4202 1058 4261 regit
1077 4200 1147 4249 Nico.
1182 4198 1308 4251 subclinat
1329 4202 1361 4250 oi

157 4283 256 4333 Statius
273 4284 312 4333 lor
330 4285 449 4345 regiam?
532 4284 564 4342 34
580 4276 665 4332 Re'r'cit
683 4283 704 4331 B
723 4281 843 4344 Gottorp.
877 4281 968 4344 Beseclt
984 4282 1006 4329 A
1022 4278 1094 4329 Nice.
1112 4279 1201 4330 (lamb.
1221 4279 1361 4331 Pantanus

155 4368 202 4414 eto.
255 4366 373 4413 deuiam.
397 4365 526 4414 &vinctus
538 4364 613 4414 Pont.
628 4363 718 4413 Lamb.
730 4362 784 4412 and
794 4361 917 4412 scholiast
926 4362 953 4410 oi
965 4360 1070 4410 Statius.
1140 4359 1251 4411 sarlius.
1260 4360 1361 4425 rightly
