2834 4792
104 283 168 348 216
693 281 724 345 V

192 455 324 533 propter
345 444 511 511 dissimilis
532 446 650 510 formas
672 443 840 530 variasque
862 443 982 530 figuras
1237 462 1323 524 442·

192 550 278 636 quod
299 572 364 615 non
386 549 495 615 omnia
516 549 562 614 sic
582 557 733 634 poterant
755 547 927 613 coniuncta
948 568 1079 612 manere

105 669 167 736 445
192 676 252 719 nec
274 661 382 718 motus
404 653 491 718 inter
512 674 582 718 sese
604 653 681 717 dare
703 651 931 717 convenientis

105 775 170 841 437
193 756 350 843 diffugere
373 756 449 821 inde
471 756 533 821 loci
554 764 663 842 partes
684 777 817 841 coepere
839 776 996 841 paresque

193 879 267 922 cum
289 857 423 943 paribus
445 857 536 943 iungi
559 879 608 922 res
630 864 665 921 et
686 855 865 921 discludere
888 855 1048 921 mundum

193 961 402 1047 membraque
424 959 568 1026 dividere
591 970 625 1027 et
647 983 782 1047 magnas
803 960 973 1046 disponere
995 968 1113 1047 partes,

106 1069 172 1146 446
194 1064 253 1129 hoo
276 1073 334 1142 est,
356 1088 376 1129 a
397 1065 493 1130 terris
515 1065 619 1130 ultum
641 1087 805 1130 secernere
828 1064 954 1128 caelum

194 1177 228 1233 et
249 1190 373 1233 sorsum
397 1191 484 1233 mare
507 1168 557 1233 uti
579 1176 702 1234 secreto
725 1190 835 1233 umore
857 1176 994 1254 pateret,

194 1293 320 1335 seorsus
342 1269 422 1336 item
444 1271 519 1357 puri
541 1270 720 1356 secretique
741 1270 884 1335 aetheris
906 1270 1006 1357 ignes.

239 1373 369 1460 Quippe
392 1373 515 1439 etenim
537 1374 679 1459 primum
702 1373 801 1438 terrai
822 1396 953 1460 corpora
974 1396 1135 1460 quaeque,

194 1485 364 1563 propterea
385 1477 471 1562 quod
493 1485 586 1542 erant
607 1476 719 1564 gravia
741 1484 775 1541 et
797 1477 958 1563 perplexa,
980 1476 1113 1542 coibant

194 1579 229 1644 in
251 1580 357 1645 medio
379 1588 477 1666 atque
500 1579 582 1644 imas
603 1579 776 1666 capiebant
797 1579 906 1644 omnia
928 1579 1039 1659 sedes;

195 1704 278 1767 quae
300 1691 423 1769 quanto
446 1683 549 1771 magis
570 1683 657 1748 inter
678 1706 713 1748 se
735 1683 890 1768 perplexa
911 1682 1049 1756 coibant,

196 1793 264 1850 tam
287 1787 391 1874 magis
413 1810 596 1873 expressere
619 1810 658 1852 ea
680 1809 763 1873 quae
786 1810 874 1852 mare
896 1787 1002 1852 sidera
1023 1787 1125 1853 solem

196 1889 371 1977 lunamque
393 1891 556 1956 efficerent
579 1900 613 1956 et
636 1891 747 1978 magni
769 1891 896 1956 moenis
918 1891 1040 1956 mundi

187 1994 305 2058 ‘omnia
326 1995 414 2058 enirn
437 1994 540 2082 magis
563 1994 642 2059 haec
664 2016 682 2059 e
705 1994 830 2059 levibus
852 2003 951 2080 atque
973 1994 1127 2060 rutundis

197 2097 374 2162 seminibus
395 2099 564 2184 multoque
587 2098 757 2162 minoribu’
779 2106 856 2162 sunt
879 2099 1049 2164 elementis

197 2223 294 2286 quam
318 2202 423 2267 tellus
468 2201 549 2279 ideo,
571 2224 629 2288 per
651 2223 723 2265 rara
744 2201 909 2279 foramina,
932 2211 1038 2268 terrae

198 2304 346 2389 partibus
368 2326 540 2389 erumpens
562 2304 686 2390 primus
708 2326 742 2369 se
765 2305 898 2369 sustulit
920 2305 1034 2371 aether

198 2407 315 2493 ignifer
337 2417 371 2472 ct
394 2409 514 2472 multos
536 2429 644 2472 secum
667 2407 747 2472 levis
768 2407 905 2472 abstulit
927 2408 1021 2495 ignis,

198 2529 261 2570 non
284 2507 347 2570 alia
370 2507 463 2593 longe
486 2507 612 2572 ratione
634 2530 672 2572 ac
694 2529 789 2593 saepe
812 2506 969 2586 videmus,

199 2629 297 2670 aurea
319 2629 391 2670 cum
416 2607 556 2691 primum
579 2607 777 2693 gemmantis
799 2629 868 2671 rore
892 2629 950 2692 per
971 2607 1087 2672 herbas

199 2710 362 2773 matutina
384 2711 503 2774 rubent
525 2709 643 2774 radiati
665 2710 789 2774 lumina
812 2710 887 2774 solis

200 2813 419 2899 exhalantque
443 2814 530 2878 lacus
553 2814 704 2879 nebulam
729 2813 887 2899 fluviique
909 2836 1076 2899 perennes

199 2917 332 3003 ipsaque
355 2927 394 2981 ut
416 2917 580 2982 interdurn
604 2918 700 2982 tellus
723 2918 847 2982 fumare
869 2918 1019 2997 videtur3

200 3022 308 3085 omnia
330 3043 413 3106 quae
436 3044 563 3086 sursum
587 3045 661 3086 cum
683 3020 905 3097 conciliantur,
927 3020 962 3084 in
984 3021 1051 3085 alto

199 3147 328 3210 corpore
351 3134 499 3190 concreto
521 3125 701 3190 subtexunt
724 3125 837 3189 nubila
858 3125 991 3189 caelum.

200 3230 245 3293 sic
267 3230 369 3314 igitur
391 3238 461 3294 tum
485 3252 519 3294 se
542 3229 622 3294 levis
644 3251 681 3293 ae
704 3228 856 3292 diffusilis
878 3228 992 3292 aether

201 3355 329 3417 corpore
351 3342 499 3397 concreto
522 3332 740 3397 circumdatus
763 3331 907 3416 undique
923 3332 1018 3416 fleuit

201 3441 235 3498 et
257 3434 323 3499 late
346 3435 483 3499 diffusus
505 3435 539 3498 in
562 3434 666 3498 omnis
690 3433 832 3518 undique
855 3433 957 3517 partis

199 3536 307 3600 omnia
329 3537 374 3601 sic
396 3536 489 3601 avido
512 3537 681 3622 complexu
705 3543 812 3600 cetera
834 3535 964 3620 saepsit.

200 3638 286 3702 hunc
308 3639 438 3703 exordia
460 3646 537 3702 sunt
560 3638 636 3702 solis
659 3639 820 3722 lunaeque
843 3645 963 3712 secuta,

114 3945 208 4006 before,
220 3944 260 3994 lor
272 3946 421 4008 omnipatris
433 3959 445 3994 c
457 3943 487 4006 B,
504 3944 646 4006 Omniyeois
658 3942 704 3992 eA
715 3941 785 3992 Nice.
797 3943 864 4004 vulg.
1015 3941 1063 3991 446
1080 3941 1166 3992 altum.
1203 3957 1319 4006 mapmm

115 4026 196 4078 Mser.
301 4026 349 4077 447
360 4039 443 4075 umore
455 4024 569 4075 Macrob.
581 4025 604 4073 B
615 4039 680 4074 corr.
693 4024 751 4075 Vat.
766 4024 831 4075 3276
844 4024 919 4074 Pont.
934 4023 1006 4074 Junt.
1021 4025 1062 4074 lor
1072 4039 1150 4074 nour.
1185 4025 1319 4089 humorque

114 4107 186 4158 Nico.
197 4107 266 4157 Flor.
278 4107 309 4156 31
322 4105 410 4158 camb.
425 4106 441 4154 4
452 4106 512 4157 Vat.
524 4106 595 4156 Bria.
608 4106 666 4156 Ver.
679 4106 743 4155 Ven.
755 4105 853 4155 Avano.
930 4105 979 4155 458
995 4120 1021 4154 se
1032 4104 1102 4155 Nico.
1115 4105 1155 4155 lor
1165 4114 1200 4157 et.

147 4190 196 4241 459
212 4191 319 4252 Iyaijer.
354 4190 468 4252 Sipnifer
483 4189 542 4239 Ver.
557 4188 620 4240 Von
639 4188 698 4239 Ald.
715 4188 729 4235 1
745 4188 819 4237 Junt.
836 4191 893 4250 (not
908 4188 986 4250 Mor.)
1001 4186 1093 4237 Lamb.
1108 4190 1159 4238 eto.
1172 4201 1209 4238 on
1224 4203 1318 4241 nome.

116 4269 256 4333 authority,
268 4268 368 4333 though
378 4269 470 4319 Lamb.
483 4269 576 4332 salsely
587 4284 647 4332 says
658 4269 694 4319 all
704 4284 766 4318 mss.
778 4268 844 4319 have
854 4269 885 4320 it.
1048 4269 1104 4320 Ι460
1114 4269 1164 4319 463
1174 4271 1316 4322 videmur...

114 4353 303 4414 Eehcloutqroe.
336 4352 602 4404 videntur...Eealore
617 4350 710 4403 Lech:
728 4351 853 4402 aviolent
867 4350 966 4412 change
977 4351 1061 4401 which
1075 4351 1140 4415 only
1149 4350 1261 4416 inpairs
1276 4352 1319 4403 the

114 4432 210 4496 beauty
220 4431 249 4482 of
258 4429 303 4482 the
313 4445 429 4495 passage.
586 4432 635 4482 468
645 4433 722 4495 flexit
733 4430 814 4482 Laoh.
826 4431 867 4480 for
877 4433 985 4495 saepsit:
1000 4434 1096 4496 saepm
1106 4432 1156 4484 has
1167 4447 1243 4486 come
1253 4433 1319 4485 hom
