2834 4792
691 238 708 302 Ι

172 423 233 465 nec
254 400 374 467 totiens
396 402 520 487 possint
541 403 720 489 generatim
743 403 847 468 saecla
869 402 985 466 referre

173 513 324 569 naturam
345 527 450 571 mores
471 506 596 571 victum
618 516 790 593 motusque
812 516 993 593 parentum.

217 608 301 672 Tum
323 631 416 694 perro
438 610 591 695 quoniam
614 620 663 676 est
686 622 868 677 extremum
890 610 1041 696 quodque
1063 631 1217 675 cacumen

684 736 703 771 Ι

173 815 310 901 corporis
332 816 420 881 illius
441 816 527 902 quod
548 818 651 881 nostri
673 840 801 883 cernere
823 841 936 884 sensus
1221 817 1285 881 600

173 918 239 984 iam
260 930 448 1006 nequeunt:
480 921 514 986 id
536 922 691 986 nimirum
713 923 783 987 sine
806 923 954 1008 partibus
977 932 1068 987 extat

173 1029 207 1085 et
229 1022 365 1088 minima
385 1032 511 1089 constat
534 1035 653 1089 natura
675 1048 733 1090 nec
756 1026 819 1091 fuit
842 1048 995 1112 umquam

173 1147 231 1210 per
251 1148 286 1190 se
308 1136 468 1193 secretum
490 1151 595 1215 neque
618 1130 752 1214 posthac
774 1153 843 1195 esse
866 1130 996 1205 valebit,

172 1228 305 1294 alterius
327 1232 512 1316 quoniamst
534 1231 642 1319 imum
664 1255 746 1318 pars,
768 1234 936 1319 primaque
958 1243 992 1297 et
1015 1254 1080 1296 una

173 1330 248 1396 inde
270 1332 353 1399 aliae
375 1344 474 1420 atque
495 1335 578 1400 aliae
600 1335 722 1400 similes
744 1357 784 1400 ex
806 1336 917 1401 ordine
939 1344 1047 1421 partes
1221 1330 1281 1410 605

174 1438 303 1523 agmine
326 1438 485 1505 condenso
508 1449 658 1505 naturam
681 1441 820 1527 corporis
842 1441 982 1526 explent,

173 1562 255 1626 quae
277 1542 430 1628 quoniam
451 1566 510 1629 per
530 1566 565 1609 se
587 1553 754 1631 nequeunt
776 1555 930 1619 constare,
953 1552 1112 1608 necessest

174 1643 304 1710 haerere
327 1645 413 1712 unde
436 1658 557 1734 queant
579 1649 669 1714 nulla
692 1648 817 1714 ratione
840 1648 959 1713 revelli.

151 1756 250 1819 ¹sunt
273 1747 375 1836 igitur
396 1751 500 1815 solida
521 1752 696 1837 primordia
719 1753 928 1838 simplicitate

172 1874 254 1938 quae
277 1854 420 1920 minimis
442 1856 564 1941 stipata
584 1858 757 1922 cohaerent
779 1857 925 1943 partibus
948 1868 1025 1930 arte,

171 1977 236 2019 non
257 1979 297 2022 ex
319 1956 449 2022 illarum
471 1969 631 2025 conventu
654 1960 831 2037 conciliata,

170 2058 227 2123 sed
248 2061 353 2147 magis
374 2071 505 2127 aeterna
527 2063 683 2148 pollentia
704 2064 921 2149 simplicitate,

171 2163 257 2227 unde
279 2185 384 2250 neque
406 2165 502 2230 avelli
525 2167 695 2253 quicquam
719 2190 824 2253 neque
846 2167 991 2231 deminui
1013 2166 1077 2230 iam

172 2265 318 2330 concedit
339 2275 458 2332 natura
479 2290 645 2334 reservans
666 2269 791 2334 semina
813 2270 916 2333 rebus

169 2377 336 2453 praeterea
357 2369 421 2435 nisi
443 2371 505 2437 erit
527 2372 708 2448 minimum,
730 2373 918 2458 parvissima
939 2392 1085 2457 quaeque
1220 2365 1280 2446 615

170 2492 301 2556 corpora
321 2473 517 2538 constabunt
538 2496 578 2539 ex
600 2474 747 2560 partibus
770 2474 914 2551 infinitis,

171 2574 291 2659 quippe
314 2575 372 2640 ubi
394 2576 547 2642 dimidiae
569 2578 670 2662 partis
692 2601 766 2664 pars
788 2601 914 2664 semper
937 2576 1069 2642 habebit

171 2678 341 2744 dimidiam
363 2688 490 2766 partem
511 2703 571 2746 nec
594 2705 644 2746 res
666 2682 836 2767 praefiniet
859 2680 933 2745 ulla.

170 2799 246 2865 ergo
267 2800 376 2843 rerum
398 2779 485 2845 inter
506 2802 666 2845 summam
688 2782 920 2867 minimamque
943 2779 1021 2865 quid
1044 2777 1149 2842 escit?

170 2880 217 2945 nil
239 2880 301 2946 erit
324 2891 363 2947 ut
385 2882 506 2961 distet;
538 2906 613 2947 nam
636 2884 782 2970 quamvis
805 2883 952 2948 funditus
975 2882 1078 2947 omnis
1217 2881 1282 2942 620

170 2990 298 3049 sumnia
318 2984 362 3050 sit
383 2985 521 3062 infinita,
543 2995 663 3062 tamen,
685 2988 875 3073 parvissima
897 3009 979 3072 quae
1002 2998 1087 3061 sunt,

171 3110 211 3153 ex
232 3088 369 3154 infinitis
391 3090 588 3155 constabunt
610 3093 757 3176 partibus
780 3115 890 3177 aeque.

172 3191 258 3277 quod
279 3192 433 3278 quoniam
454 3192 539 3259 ratio
561 3195 715 3260 reclamat
737 3218 812 3260 vera
835 3204 997 3281 negatque

132 3408 276 3461 599-634:
301 3409 355 3460 this
373 3424 481 3475 passage
502 3410 586 3462 which
605 3411 628 3462 is
649 3411 767 3471 difficult,
787 3411 834 3462 bnt
855 3414 902 3461 not
923 3414 1036 3473 corrupt,
1054 3409 1103 3459 hae
1123 3409 1188 3457 been
1209 3406 1282 3470 sadly

79 3491 220 3543 mutilated
235 3491 269 3556 by
285 3493 322 3544 all
337 3492 435 3545 editors
451 3494 518 3544 irem
533 3494 678 3544 Lambinus
694 3499 722 3544 to
738 3493 892 3544 Lachmann
909 3494 961 3544 and
979 3494 1103 3555 Bernaye,
1122 3490 1179 3540 who
1198 3490 1234 3540 all
1253 3489 1281 3538 in

78 3573 203 3626 dilium
217 3589 288 3638 ways
307 3574 376 3626 loros
393 3590 429 3626 on
447 3576 583 3627 Lucretius
602 3592 618 3627 a
637 3576 782 3627 succession
801 3577 831 3626 ol
850 3575 945 3627 abaurd
964 3574 1016 3626 aad
1034 3572 1283 3634 seli-contradictory

79 3657 231 3709 assertione.
266 3655 1198 3719 'l'hereaeemsaiterbilttobeahiatussuchasthistlorporihua
1216 3655 1281 3718 quod

79 3740 135 3787 iura
150 3740 224 3789 nobis
239 3741 369 3789 sairam
386 3754 438 3791 csse
453 3741 562 3798 uidetur,
580 3742 658 3790 Debet
676 3743 737 3790 item
753 3743 852 3790 ratione
867 3742 929 3803 pori
947 3741 1078 3788 minimum
1096 3752 1147 3787 ease
1166 3751 1281 3785 cacumen

81 3820 202 3884 Corporis
217 3822 282 3871 aet:
304 3818 405 3871 besides
420 3819 476 3870 thia
490 3822 594 3871 illarum
611 3821 650 3871 lor
666 3823 769 3871 illorum
783 3820 812 3870 in
829 3822 876 3871 611
894 3820 917 3870 is
933 3820 979 3870 the
995 3819 1049 3869 sole
1065 3818 1164 3879 change
1184 3817 1197 3865 1
1216 3816 1281 3866 have

79 3899 168 3960 made,
179 3904 230 3951 two
243 3915 274 3951 or
287 3900 360 3952 three
373 3900 455 3965 slight
469 3902 522 3952 and
537 3902 643 3952 obviem
657 3917 741 3953 errore
754 3904 783 3953 of
798 3903 842 3952 AB
856 3902 952 3965 having
967 3902 1030 3952 been
1047 3899 1175 3951 corrected
1191 3898 1219 3946 in
1236 3897 1280 3948 me

77 3982 148 4033 later
156 3996 221 4033 rnsa.
230 3996 263 4033 or
271 3982 344 4035 older
353 3980 480 4034 editions:
498 3984 546 4035 599
557 3982 598 4033 lor
611 3987 730 4048 quoniam
743 3984 822 4035 bach
837 3987 964 4048 quianam,
978 3984 1056 4033 Bern.
1067 3983 1131 4047 quod
1146 3985 1198 4029 ium
1207 3995 1213 4027 ι
1232 3980 1279 4029 600

78 4064 122 4114 for
131 4066 206 4115 illias
214 4063 294 4116 hah.
308 4064 362 4115 and
370 4064 448 4116 Bern.
461 4066 550 4116 ullius.
562 4064 653 4117 lamb.
669 4068 787 4129 quonium
797 4073 846 4116 eut.
861 4069 998 4130 quoiusque
1010 4080 1031 4114 e.
1046 4067 1102 4115 Gor.
1115 4071 1150 4113 est
1161 4064 1277 4126 aliquod:

78 4146 129 4196 611
142 4144 227 4199 Isau
244 4148 356 4198 m
372 4147 439 4199 aihu
456 4146 515 4198 Ald.
534 4147 548 4196 1
566 4147 641 4198 lunt.
657 4148 746 4198 hamb.
767 4153 831 4198 eto:
855 4149 903 4198 628
922 4148 975 4198 and
992 4150 1038 4199 631
1055 4146 1146 4197 Lamb.
1164 4146 1280 4195 followed

76 4227 115 4290 by
124 4226 161 4278 all
171 4226 330 4290 subsequam
338 4226 436 4281 editors
445 4227 588 4291 parversely
597 4228 673 4278 reads
683 4231 712 4278 ui
724 4228 764 4277 for
774 4232 804 4289 ai,
819 4230 905 4277 multia
915 4229 956 4277 ior
966 4230 1050 4278 nullu.
1149 4226 1197 4276 606
1208 4228 1280 4276 uallo

77 4309 149 4360 Flor.
160 4311 193 4360 sl
203 4308 263 4360 Ver.
273 4308 339 4361 Vn.
349 4313 399 4363 ata.
410 4310 451 4361 lor
459 4312 524 4360 aaa
556 4318 586 4359 ut
596 4319 720 4374 nequeunt
732 4312 786 4360 ulla
797 4311 818 4359 B
831 4325 894 4360 corr.
909 4310 993 4360 which
1003 4325 1066 4373 may
1076 4309 1107 4359 be
1118 4307 1195 4371 right.

128 4391 178 4441 618
193 4392 247 4441 iasa
260 4390 332 4443 Flet.
347 4390 380 4443 61
396 4390 456 4444 Vc.
473 4389 539 4441 Ven.
555 4395 604 4442 etc.
622 4391 662 4441 ior
678 4399 738 4440 tum.
807 4391 855 4441 626
871 4399 982 4442 consuat
998 4390 1055 4442 alu
1074 4391 1146 4440 Junt.
1167 4391 1207 4440 ior
1223 4405 1278 4440 eou-
