2834 4792
657 198 694 263 II

160 356 397 443 intempestivis
420 382 460 424 ex
482 359 640 425 imbribus
662 360 774 425 umida
796 360 909 440 tellus;

160 469 327 545 praeterea
348 473 480 528 cunctas
501 463 617 529 itidem
639 486 689 529 res
711 472 836 529 vertere
859 486 936 530 sese.

158 575 290 631 vertunt
312 588 347 631 se
368 567 460 632 fluvii
482 567 609 632 frondes
632 577 666 632 et
688 567 809 653 pabula
830 568 917 632 laeta
1215 571 1275 651 875

158 667 193 731 in
215 668 362 754 pecudes,
382 677 516 734 vertunt
538 670 678 756 pecudes
700 669 732 734 in
757 692 888 756 corpora
909 680 1019 736 nostra

162 781 320 850 naturam,
343 780 376 837 et
398 781 508 838 nostro
531 773 571 838 de
594 796 723 860 corpore
746 796 840 859 saepe
865 776 1004 839 ferarum

161 885 340 960 augescunt
361 875 445 940 vires
468 884 502 941 et
524 898 654 960 corpora
675 875 956 961 pennipotentum.

161 999 235 1063 ergo
258 1000 368 1043 omnes
389 988 507 1044 natura
529 978 616 1043 cibos
639 979 673 1042 in
696 1001 826 1065 corpora
848 979 922 1043 viva

161 1080 258 1145 vertit
281 1089 315 1146 et
338 1081 413 1146 hinc
435 1103 547 1146 sensus
569 1081 774 1146 animantum
798 1090 944 1167 procreat
966 1105 1085 1159 omnes
1216 1085 1280 1149 880

160 1205 224 1247 non
246 1184 311 1248 alia
332 1185 427 1271 longe
449 1185 574 1250 ratione
596 1186 702 1271 adque
725 1185 815 1250 arida
838 1187 927 1273 ligna

160 1288 300 1373 explicat
322 1289 357 1354 in
379 1291 526 1356 flammas
549 1299 582 1355 et
604 1291 639 1355 in
662 1291 747 1377 ignis
769 1291 878 1355 omnia
901 1300 1017 1355 versat.

159 1393 266 1458 iamne
289 1393 379 1459 vides
401 1394 504 1481 igitur
525 1395 635 1481 magni
658 1394 833 1480 primordia
855 1416 964 1458 rerum

159 1498 274 1563 referre
296 1499 331 1562 in
353 1499 442 1585 quali
463 1499 530 1564 sint
552 1500 662 1564 ordine
686 1522 832 1585 quaeque
856 1499 960 1564 locata

160 1608 194 1664 et
216 1602 391 1666 commixta
412 1602 531 1688 quibus
553 1602 632 1667 dent
655 1611 764 1666 motus
786 1602 1034 1687 accipiantque?
1215 1605 1276 1684 885

203 1705 286 1769 Tum
308 1728 402 1792 porro
423 1706 502 1793 quid
524 1706 558 1770 id
581 1715 640 1782 est,
662 1705 808 1770 animum
831 1705 916 1790 quod
939 1705 1090 1790 percutit,
1113 1705 1220 1791 ipsum

159 1806 245 1891 quod
266 1816 376 1873 movet
398 1818 433 1891 et
455 1807 559 1873 varios
581 1830 693 1872 sensus
716 1829 903 1892 expromere
925 1807 1021 1892 cogit,

159 1932 200 1974 ex
221 1910 427 1976 insensilibus
449 1934 491 1976 ne
513 1910 623 1977 credas
645 1911 761 1975 sensile
784 1910 901 1997 gigni?

160 2011 315 2077 nimirum
337 2013 461 2099 lapides
484 2022 517 2078 et
541 2013 629 2100 ligna
651 2022 686 2078 et
708 2021 795 2078 tarra
816 2011 903 2097 quod
926 2035 992 2076 una

161 2115 264 2179 mixta
285 2123 397 2180 tamen
420 2129 587 2203 nequeunt
609 2116 743 2180 vitalem
766 2115 899 2180 reddere
921 2137 1060 2180 sensum.
1215 2122 1280 2200 890

160 2218 242 2282 illud
264 2218 299 2282 in
322 2218 373 2283 his
395 2219 497 2306 igitur
519 2220 615 2284 rebus
640 2219 825 2284 meminisse
848 2218 984 2295 decebit,

160 2344 226 2386 non
248 2345 287 2387 ex
309 2323 458 2388 omnibus
481 2324 620 2400 omnino,
643 2345 865 2409 quaecumque
888 2332 998 2388 creant
1020 2347 1079 2400 res,

161 2426 276 2491 sensile
298 2436 333 2492 et
356 2428 518 2514 extemplo
540 2451 592 2493 me
614 2428 706 2514 gigni
728 2427 833 2491 dicere
856 2449 977 2502 sensus,

103 2528 108 2536 ’
160 2529 217 2593 sed
238 2531 349 2617 magni
371 2532 487 2597 referre
510 2554 549 2597 ea
571 2532 711 2617 primum
734 2531 893 2617 quantula
915 2540 1073 2608 constent,

160 2634 276 2699 sensile
298 2657 382 2721 quae
404 2636 536 2712 faciunt,
559 2645 593 2701 et
615 2658 680 2721 qua
702 2636 768 2700 sint
791 2634 939 2721 praedita
961 2635 1069 2712 forma,
1216 2641 1276 2719 895

140 2734 303 2800 ¹motibus
325 2735 491 2800 ordinibus
512 2735 667 2821 posituris
689 2735 829 2821 denique
852 2758 934 2820 quae
957 2735 1031 2800 sint.

161 2859 297 2921 quarum
320 2838 367 2902 nil
388 2861 496 2903 rerum
519 2838 553 2902 in
576 2839 673 2926 lignis
695 2838 883 2926 glaebisque
906 2838 1071 2918 videmus3

161 2949 196 3006 et
219 2949 328 3006 tamen
351 2941 438 3019 haec,
460 2965 534 3008 cum
557 2951 634 3007 sunt
657 2944 749 3029 quasi
770 2944 953 3028 putrefacta
975 2966 1032 3029 per
1054 2944 1181 3022 imbres,

161 3043 351 3109 vermiculos
372 3044 513 3130 pariunt,
537 3045 614 3129 quia
636 3067 767 3130 corpora
789 3044 939 3108 materiai

161 3147 304 3232 antiquis
326 3170 365 3212 ex
388 3148 555 3213 ordinibus
577 3161 722 3233 permota
745 3171 828 3212 nova
849 3172 883 3213 re
1214 3169 1279 3232 900

162 3249 374 3314 conciliantur
395 3249 443 3314 ita
465 3259 504 3315 ut
526 3249 647 3314 debent
669 3250 823 3314 animalia
845 3250 944 3336 gigni.

162 3351 279 3417 deinde
302 3376 340 3418 ex
364 3353 535 3418 sensilibus
558 3355 614 3440 qui
636 3355 752 3419 sensile
775 3377 866 3440 posse
889 3355 990 3420 creari

163 3455 376 3532 constituunt,
397 3479 491 3542 porro
514 3479 553 3521 ex
577 3457 648 3522 aliis
670 3458 790 3522 sentire
812 3459 898 3523 sueti

69 3689 167 3742 Lamb.
185 3690 251 3740 after
267 3691 402 3741 Turnebus
419 3692 458 3742 for
475 3695 574 3743 Mollia.
719 3695 767 3745 875
779 3697 858 3758 fluvii
871 3697 976 3760 frunda
991 3696 1083 3746 Lamb.
1102 3697 1142 3746 for
1153 3701 1233 3762 fluvii
1250 3703 1278 3749 in

66 3774 186 3837 frondes.
325 3775 373 3823 889
384 3776 413 3824 in
424 3776 492 3837 iunia
504 3775 572 3827 Flor.
588 3778 618 3825 31
631 3776 722 3826 (lamb.
735 3776 809 3828 Pont.
824 3778 890 3827 Mar.
901 3780 950 3827 etc.
962 3779 1003 3827 for
1013 3781 1088 3841 iunia,
1231 3783 1279 3831 888

71 3857 156 3919 pinni.
192 3858 263 3905 nasci
280 3854 397 3906 Priscian
413 3871 440 3905 1v
457 3859 503 3910 27:
521 3873 563 3907 see
580 3858 658 3908 above
675 3874 699 3921 p.
722 3860 743 3908 1.
875 3861 923 3911 891
940 3863 1011 3910 rebus
1027 3861 1124 3912 Arane.
1142 3864 1183 3912 for
1194 3866 1278 3927 fedus.

66 3937 163 4002 foedus
179 3936 253 3988 Wak.
272 3936 403 4001 absurdly.
509 3942 556 3991 893
574 3942 671 3991 sensile
689 3940 759 3991 Nice.
778 3941 818 3991 for
835 3943 955 3992 Seruilia.
991 3952 1015 3994 er
1031 3948 1151 4008 extemplo
1168 3947 1278 4009 Nauger.

73 4017 131 4070 and
144 4033 161 4068 a
174 4019 227 4068 late
242 4021 371 4070 corrector
387 4020 416 4069 of
430 4020 475 4070 the
490 4021 547 4071 cod.
558 4021 654 4072 Victor.
667 4023 725 4072 who
740 4038 811 4073 more
822 4007 887 4073 than
899 4040 962 4075 once
973 4041 1060 4088 agrees
1072 4027 1142 4087 with,
1154 4029 1279 4094 probably

73 4097 176 4147 follows
187 4096 340 4160 Naugerius,
351 4097 391 4148 for
403 4101 513 4162 atemplo.
645 4101 693 4151 908
705 4116 721 4150 s
732 4116 755 4151 v.
768 4100 791 4149 is
805 4102 856 4151 lost
871 4102 933 4152 here
948 4103 1011 4152 such
1022 4119 1052 4153 as
1069 4107 1123 4168 Ipsi
1136 4109 1278 4166 sensilibus,

73 4180 196 4229 mortalia
206 4181 303 4229 semina
315 4181 425 4230 reddunt
441 4180 480 4246 (or
492 4183 638 4244 habebam:
656 4182 745 4232 Christ
755 4184 768 4232 I
779 4199 836 4234 now
848 4185 901 4234 find
917 4189 1032 4247 suggests
1043 4201 1059 4236 a
1070 4202 1094 4237 v.
1106 4186 1155 4237 has
1167 4187 1280 4252 dropped

75 4263 133 4311 out.
166 4259 228 4310 Ido
243 4263 291 4310 not
307 4261 403 4313 altera
420 4262 496 4312 latter
511 4263 599 4313 ofthe
614 4278 692 4314 mss:
709 4264 790 4315 Laeh.
806 4265 834 4315 in
850 4266 898 4317 902
913 4266 988 4316 reads
999 4283 1029 4316 eo
1040 4268 1081 4317 for
1092 4283 1131 4330 ax,
1145 4272 1278 4322 seminibus

76 4343 270 4403 terrenalibus,
282 4343 336 4394 and
346 4344 395 4395 908
405 4346 484 4395 su'dtia
496 4343 559 4395 with
569 4345 671 4408 Lamb,
685 4347 737 4396 and
749 4348 796 4399 904
807 4350 860 4397 ium
871 4348 911 4397 for
921 4364 984 4398 cum.
1018 4358 1069 4400 tum
1080 4350 1169 4402 Lamb.
