2834 4792
133 126 194 193 144
692 105 747 171 111

215 271 377 336 interiisse
399 278 434 336 et
456 292 539 355 quae
561 291 648 334 nunc
670 278 720 335 est
742 292 829 335 nunc
851 292 920 336 esse
943 280 1094 338 creatam,

259 377 430 441 Praeterea
451 376 479 440 si
501 375 566 439 iam
588 373 732 460 perfecto
754 396 883 461 corpore
905 375 999 441 nobis

214 480 326 546 inferri
347 480 474 545 solitast
495 478 596 542 animi
619 477 729 542 vivata
750 487 895 564 potestas
1273 483 1355 551 6(ss

215 593 287 649 tum
310 605 384 648 cum
407 581 573 668 gignimur
594 588 629 645 et
650 581 738 645 vitae
760 603 835 646 oum
858 582 957 647 limen
980 583 1111 661 inimus,

214 687 302 752 haud
324 687 373 751 ita
394 684 608 750 conveniebat
631 683 682 749 uti
704 705 778 748 cum
800 706 931 771 corpore
953 694 987 752 et
1009 709 1076 752 una

215 812 289 856 cum
311 789 464 855 membris
486 788 636 854 videatur
658 788 693 852 in
714 788 784 874 ipso
806 790 965 876 sanguine
988 813 1100 867 crasse,

213 893 270 958 sed
293 893 383 958 velut
406 892 440 956 in
462 913 559 956 cavea
581 913 696 976 perse
718 891 780 956 sibi
802 891 911 958 vivere
932 892 1043 960 solam.

216 1014 369 1056 couvaurr
389 1013 429 1056 ur
450 1013 543 1054 sasso
564 1012 680 1055 corros
700 1013 806 1055 ranna
826 1014 969 1056 arrium
989 1014 1075 1058 cmm
1268 1000 1396 1076 635

127 1101 193 1182 690
215 1099 300 1185 quod
322 1098 392 1163 fieri
414 1107 522 1163 totum
545 1106 657 1163 contra
678 1098 851 1163 manifesta
872 1100 966 1165 docet
987 1123 1057 1182 res3

213 1224 353 1289 namque
375 1203 424 1267 ita
445 1223 566 1266 conexa
587 1210 637 1266 est
658 1224 718 1287 per
739 1224 838 1267 venas
861 1203 982 1268 viscera
1004 1226 1120 1270 nervos

213 1328 356 1392 ossaque,
379 1305 430 1369 uti
452 1305 567 1370 dentes
590 1327 717 1391 quoque
740 1326 836 1370 sensu
858 1306 1114 1392 participentur;

213 1409 343 1474 morbus
365 1417 403 1473 ut
425 1409 548 1473 indicat
567 1416 604 1474 ¹et
626 1407 746 1494 gelidai
768 1409 909 1496 stringor
930 1409 1028 1496 aquai
1240 1468 1244 1475 .

213 1520 247 1577 et
270 1512 352 1597 lapis
374 1533 553 1596 oppressus,
575 1510 677 1575 subiit
699 1510 727 1574 si
750 1533 767 1575 e
790 1512 947 1599 frugibus,
968 1534 1071 1598 asper.
1268 1509 1414 1597 690

127 1617 192 1681 686
214 1638 313 1702 quare
336 1615 434 1680 etiam
458 1622 557 1701 atque
580 1614 680 1679 etiam
703 1637 809 1701 neque
832 1615 964 1702 originis
985 1639 1056 1682 esse
1078 1618 1313 1703 putandumst»

213 1720 355 1806 expertis
378 1718 503 1783 animas
525 1740 584 1783 nec
606 1718 664 1783 leti
687 1718 758 1805 lege
780 1719 910 1785 solutas.

213 1847 288 1889 nam
311 1844 417 1908 neque
439 1830 533 1887 tanto
555 1844 649 1906 opere
672 1822 803 1887 adnecti
825 1823 968 1909 potuisse
991 1823 1209 1910 putandumst

125 1930 191 2011 689
213 1925 398 2011 corporibus
420 1924 539 1989 nostris
561 1924 761 1989 extrinsecus
783 1922 975 2002 insinuatas,

212 2051 280 2106 nec,
303 2036 371 2093 tam
393 2035 563 2092 contextae
586 2049 660 2091 oum
683 2027 757 2105 sint,
780 2027 868 2092 exire
890 2027 1045 2093 videntur
1267 2032 1403 2113 69

210 2133 388 2199 incolumes
409 2154 501 2218 posse
524 2142 558 2196 et
580 2133 685 2196 salvas
707 2132 869 2197 exsolvere
890 2154 961 2198 sese

210 2237 360 2302 omnibus
383 2260 401 2302 e
424 2236 530 2301 nervis
552 2244 650 2322 atque
673 2236 799 2301 ossibus
821 2237 1038 2323 articulisque.

211 2341 297 2427 quod
319 2341 347 2405 si
370 2341 451 2406 forte
474 2348 572 2426 putas
594 2339 793 2405 extrinsecus
816 2340 1016 2406 insinuatam

211 2466 399 2530 permanare
422 2444 564 2508 animam
586 2443 680 2508 nobis
702 2465 760 2529 per
782 2444 928 2510 membra
948 2445 1059 2523 solere,

211 2555 303 2611 tanto
326 2547 447 2632 quique
469 2546 573 2633 magis
595 2568 668 2610 oum
691 2568 820 2631 corpore
844 2548 914 2611 susa
936 2548 1066 2632 peribit.

209 2650 296 2736 quod
318 2658 487 2734 permanat
509 2649 597 2714 enim
619 2649 815 2726 dissolvitur,
838 2650 952 2715 interit
974 2673 1059 2738 ergo.

210 2752 402 2838 dispertitus
424 2753 510 2817 enim
534 2774 592 2838 per
613 2752 721 2816 caulas
743 2753 882 2838 corporis
905 2753 1009 2818 omnis

211 2864 248 2920 ut
271 2856 371 2934 cibus,
393 2855 428 2919 in
450 2857 595 2920 membra
617 2864 715 2941 atque
738 2865 829 2921 artus
852 2879 926 2920 oum
949 2857 1075 2923 diditur
1097 2858 1211 2936 omnis,

209 2967 347 3053 disperit
369 2975 467 3052 atque
489 2966 586 3030 aliam
609 2975 760 3032 naturam
783 2968 902 3033 sufficit
925 2992 963 3033 ex
987 2991 1030 3047 se,

208 3071 253 3135 sic
275 3070 386 3134 anima
408 3079 506 3154 atque
529 3070 656 3134 animus
678 3071 827 3155 quamvis
849 3070 977 3158 integra
999 3094 1109 3138 recens
1131 3074 1167 3140 in
1262 3065 1399 3154 705

209 3196 323 3258 corpus
346 3181 435 3249 eunt,
457 3181 568 3237 tamen
591 3173 625 3236 in
647 3174 809 3239 manando
831 3174 1063 3254 dissoluuntur,

207 3275 286 3339 dum
309 3275 401 3359 quasi
423 3297 481 3360 per
503 3275 611 3339 caulas
632 3276 737 3340 omnis
759 3276 918 3341 diduntur
939 3277 974 3341 in
996 3285 1087 3343 artus

207 3381 385 3466 particulae
409 3380 526 3465 quibus
549 3382 628 3445 haec
650 3380 752 3445 animi
774 3390 892 3446 natura
913 3392 1051 3463 creatur,

208 3507 291 3570 quae
314 3506 400 3548 nunc
422 3485 456 3547 in
478 3492 587 3548 nostro
609 3484 796 3549 dominatur
818 3507 948 3572 corpore
972 3496 1051 3552 nata

120 3675 208 3723 forat
226 3675 243 3726 l.
263 3675 369 3736 loupiac.
511 3672 558 3722 685
575 3673 667 3723 Lamb.
685 3672 734 3723 has
751 3675 820 3723 most
836 3675 957 3738 properly
972 3673 1097 3737 rejected:
1119 3673 1142 3724 it
1158 3674 1183 3725 is
1198 3675 1312 3739 clearly
1353 3655 1389 3697 ⁹

120 3756 242 3807 sarcastic
261 3756 339 3818 gloss.
372 3755 452 3806 Laoh.
473 3754 569 3804 retains
588 3755 609 3804 it
629 3754 680 3804 and
700 3756 740 3806 lor
759 3759 847 3818 affluat
865 3756 939 3807 reads
955 3764 1056 3810 arceat:
1080 3772 1115 3807 an
1131 3759 1250 3822 unlilrely
1265 3750 1384 3810 «θ’

119 3838 223 3900 tecture.
340 3836 469 3888 ssa-ooo
486 3836 653 3900 (ooo-ma
675 3836 755 3887 uass.
772 3851 825 3888 was
841 3837 887 3886 ua
904 3837 963 3888 first
978 3839 1006 3887 to
1022 3841 1158 3901 arnapam
1173 3840 1248 3892 these
1263 3825 1380 3893 πού

120 3919 173 3968 and
190 3922 293 3980 strange
309 3918 331 3966 it
347 3916 371 3966 is
387 3917 420 3965 he
437 3916 531 3966 should
547 3915 613 3966 have
630 3917 693 3967 been
711 3917 756 3967 the
772 3918 837 3968 first.
990 3918 1038 3971 689
1070 3921 1183 3972 Morosa.
1228 3906 1373 3974 ΜΝ

119 3999 199 4050 Lach.
216 4000 292 4049 Bern.
312 3997 361 4048 Ed.
381 3997 512 4059 formerly.
619 3996 666 4048 690
682 4013 819 4060 oppressus,
836 4000 915 4049 subiit
930 4001 954 4050 ai
970 4014 983 4048 c
994 4000 1114 4063 srupibua
1129 4000 1209 4053 Bam.
1228 4000 1271 4053 for
1284 4000 1355 4061 οἵ

115 4098 215 4145 pressus
227 4082 342 4130 subitiae
349 4081 477 4142 smpibua.
510 4079 917 4143 ecpreaouaaabieuaesahaoh.
1033 4081 1081 4133 ‘102
1092 4077 1345 4146 Damiammiv'

119 4165 196 4216 Laoh.
211 4165 250 4214 for
261 4166 410 4226 dispertitur
420 4177 485 4224 erpo.
518 4163 676 4224 Dispertitur
687 4163 754 4211 euim
764 4162 840 4214 Pont.
854 4162 925 4212 Brix.
937 4161 995 4213 ald.
1009 4162 1125 4215 11amb.

152 4248 198 4297 705
220 4247 333 4309 quamvis
351 4247 451 4306 intepro
470 4258 553 4294 recena
572 4246 601 4292 iu
620 4242 685 4292 Mar.
706 4242 763 4294 Ald.
788 4244 802 4293 1
823 4243 897 4294 Junt.
919 4243 960 4293 lor
978 4245 1094 4308 quamuis
1113 4252 1152 4295 ert
1170 4247 1273 4310 imaro
1287 4255 1320 4301 rc·
1395 4308 1400 4315 1
