2834 4792
736 231 773 298 H

239 395 367 483 legibus
389 395 485 470 hisce,
508 417 547 461 ea
568 417 619 460 res
640 393 724 460 ratio
746 393 952 459 disterminat
975 392 1087 458 omnia

239 521 315 564 nam
339 499 441 564 veluti
464 507 535 563 tota
556 506 674 563 natura
695 496 867 562 dissimiles
888 503 966 560 sunt
1299 509 1367 574 720

239 603 325 668 inter
347 624 382 668 se
403 602 534 690 genitae
556 623 607 666 res
629 623 785 688 quaeque,
806 600 861 691 ita¹
876 620 1039 686 quamque
1059 607 1228 663 necessest

239 704 390 770 dissimili
411 713 556 770 constare
579 705 684 792 figura
705 702 937 789 principiorum
948 726 956 780 3

239 830 303 873 non
326 831 389 894 quo
411 809 516 874 multa
537 830 652 894 parum
675 807 774 872 simili
795 805 861 871 sint
884 803 1032 891 praedita
1053 803 1163 879 forma,

239 909 295 976 sed
317 911 394 996 quia
416 933 481 976 non
502 911 596 998 volgo
618 910 709 996 paria
731 908 880 974 omnibus
902 907 1011 972 omnia
1034 913 1192 971 constant.

240 1015 364 1079 semina
385 1037 459 1080 cum
482 1036 574 1101 porro
597 1014 729 1090 distent,
751 1012 881 1078 differre
906 1017 1070 1075 necessust
1294 1023 1358 1088 725

239 1119 410 1183 intervalla
431 1119 499 1183 vias
521 1140 660 1183 conexus
683 1116 825 1203 pondera
847 1115 958 1201 plagas

239 1243 411 1287 concursus
433 1230 550 1299 motus,
576 1243 658 1306 quae
681 1242 746 1284 non
768 1217 921 1284 animalia
943 1217 1049 1282 solum

239 1347 369 1412 corpora
391 1325 577 1412 seiungunt,
598 1324 654 1389 sed
677 1332 779 1388 terras
801 1345 838 1386 ac
862 1343 948 1386 mare
971 1329 1079 1384 totum

239 1436 411 1492 secernunt
433 1427 622 1512 caelumque
644 1448 665 1491 a
686 1425 781 1490 terris
803 1446 897 1488 omne
920 1429 1094 1488 retentant

284 1529 316 1593 N
319 1552 381 1593 unc
403 1551 464 1617 age
486 1530 575 1594 dicta
596 1551 668 1594 meo
689 1528 777 1593 dulci
800 1527 946 1615 quaesita
968 1527 1075 1592 labore
1298 1547 1366 1612 730

242 1632 380 1718 percipe,
401 1655 443 1698 ne
467 1633 548 1698 lorte
570 1632 649 1697 haec
670 1632 754 1696 albis
777 1655 816 1697 ex
839 1631 913 1697 alba
934 1631 1033 1697 rearis

238 1737 405 1823 principiis
427 1760 505 1814 esse,
527 1748 603 1802 ante
626 1738 735 1802 oculos
759 1758 843 1822 quae
865 1735 1004 1800 candida
1026 1735 1140 1812 cernis,

239 1848 298 1905 aut
322 1862 361 1905 ea
382 1863 465 1927 quae
487 1841 618 1927 nigrant
641 1839 734 1926 nigro
756 1839 797 1903 de
820 1837 944 1903 semine
966 1847 1063 1918 nata;

240 1944 314 2009 nive
338 1945 438 2009 alium
461 1945 608 2030 quemvis
630 1967 712 2030 quae
735 1952 812 2009 sunt
836 1944 952 2009 inbuta
975 1943 1121 2020 colorem,

240 2059 411 2136 propterea
432 2071 543 2136 gerere
566 2049 652 2113 hunc
674 2048 793 2124 credas,
816 2046 902 2132 quod
925 2046 1074 2111 materiai
1300 2061 1363 2128 735

241 2174 371 2238 corpora
393 2152 551 2217 consimili
573 2153 639 2216 sint
661 2152 731 2216 eius
753 2151 858 2216 tincta
880 2149 991 2216 colore.

241 2255 349 2320 nullus
373 2256 459 2320 enim
482 2255 567 2320 color
588 2264 638 2320 est
661 2255 793 2319 omnino
816 2252 965 2318 materiai

241 2359 433 2445 corporibus,
456 2381 561 2445 neque
582 2381 641 2444 par
663 2359 759 2423 rebus
782 2379 887 2442 neque
911 2357 1051 2442 denique
1074 2355 1190 2442 dispar.

241 2462 275 2527 in
298 2485 380 2548 quac
404 2485 533 2548 corpora
555 2462 583 2526 ai
606 2462 714 2526 nullus
737 2461 799 2526 tibi
822 2461 904 2526 forte
927 2460 1058 2525 videtur

243 2585 333 2650 posse
356 2565 457 2629 animi
480 2565 618 2629 iniectus
642 2564 720 2640 fieri,
744 2564 855 2649 procul
877 2563 969 2627 avius
992 2585 1087 2628 erras.
1300 2580 1367 2645 740

242 2691 317 2733 nam
340 2692 414 2733 cum
437 2669 608 2756 caecigeni,
631 2668 706 2733 solis
730 2667 787 2753 qui
811 2666 935 2731 lumina
957 2689 1137 2752 numquam

242 2772 417 2859 disparere,
440 2781 550 2838 tamen
573 2782 767 2859 cognoscant
790 2795 921 2858 corpora
943 2779 1044 2847 tactu,

242 2900 281 2942 cx
305 2877 438 2942 ineunte
461 2899 539 2941 aevo
562 2877 650 2941 nullo
673 2877 846 2940 coniuncta
869 2877 981 2951 colore,

242 2980 320 3046 sciro
344 2981 420 3046 licet
442 2989 569 3045 nostrae
593 3003 719 3067 quoque
742 2980 846 3044 menti
868 3002 999 3065 corpora
1021 3000 1113 3065 posse

243 3087 324 3150 vorti
347 3086 380 3150 in
403 3086 554 3150 notitiam
576 3086 666 3150 nullo
688 3085 870 3150 circumlita
893 3085 972 3149 fuco.
1294 3099 1357 3168 745

155 3316 217 3363 ture
229 3312 306 3363 Banu.
319 3312 403 3362 which
415 3311 427 3361 1
439 3312 511 3362 don‘t
523 3311 692 3362 understand.
726 3313 784 3362 iude
797 3312 909 3374 Brieger.
1001 3313 1048 3364 719
1060 3313 1168 3373 Legibus
1182 3314 1222 3362 laia
1234 3317 1361 3376 cumdum

157 3397 223 3446 ratio
239 3397 397 3445 disterminat
412 3398 491 3445 omnis
506 3410 567 3445 mss.
604 3398 687 3445 omniu
703 3394 782 3445 Lech.
795 3395 862 3445 after
878 3395 952 3445 lunt.
965 3410 994 3444 as
1006 3395 1033 3444 iu
1047 3410 1056 3444 1
1070 3396 1133 3446 1106
1144 3396 1255 3446 without
1268 3397 1360 3448 autho-

155 3476 219 3540 rity:
237 3478 320 3526 omniu
336 3476 349 3524 I
365 3476 445 3526 doubt
459 3480 506 3525 not
518 3490 604 3525 comes
615 3477 682 3526 from
695 3476 830 3536 Marullus,
842 3491 871 3526 as
883 3476 917 3525 hc
929 3491 987 3526 uses
999 3475 1020 3526 it
1031 3476 1059 3525 in
1071 3476 1116 3526 the
1127 3491 1199 3526 same
1210 3493 1267 3540 way
1278 3478 1308 3528 in
1319 3479 1360 3528 his

156 3558 237 3622 hymn
249 3560 276 3607 to
291 3557 365 3608 carth
380 3562 408 3607 at
423 3557 467 3607 the
481 3558 531 3606 end
542 3558 568 3605 ol
584 3572 601 3607 a
613 3571 720 3619 passage
732 3557 817 3621 partly
829 3557 924 3619 quoted
936 3573 961 3620 p.
975 3560 989 3609 7
1001 3557 1030 3606 in
1042 3557 1126 3608 which
1139 3558 1216 3608 Lucr.
1229 3559 1252 3608 is
1265 3561 1357 3623 closely

156 3641 287 3693 imitated:
305 3657 346 3692 see
363 3642 418 3692 also
434 3640 541 3702 reading
556 3641 583 3689 ol
599 3641 672 3690 lunt.
689 3640 717 3689 in
733 3640 795 3701 749;
812 3640 868 3702 [the
883 3639 940 3690 cod.
957 3640 1052 3691 Victor.
1070 3655 1159 3702 proves
1174 3655 1219 3703 my
1231 3641 1358 3692 infercnce

156 3729 183 3776 tc
198 3723 229 3776 be
243 3728 340 3775 correct
354 3724 415 3774 here
430 3724 482 3773 and
493 3724 555 3775 ‘1492
573 3722 699 3772 Marullus
710 3720 775 3772 cites
786 3722 889 3784 Virgil’s
900 3725 963 3785 graia
971 3725 1088 3785 protinas
1103 3725 1187 3772 omniu
1198 3724 1358 3787 Perleyereal

156 3806 253 3870 arraial
290 3806 356 3855 bisce
372 3805 456 3854 mdem
470 3819 492 3853 r.
508 3805 533 3852 d.
549 3818 618 3853 omne
632 3804 724 3853 Bam:
743 3804 789 3853 but
804 3819 873 3852 omae
888 3803 912 3852 is
927 3802 1020 3867 hardly
1031 3803 1093 3853 thus
1108 3803 1183 3862 used;
1200 3804 1331 3857 therefore
1347 3806 1356 3854 l

156 3887 217 3939 read
234 3890 300 3938 bisce
317 3904 348 3937 ec
363 3902 402 3937 ree
418 3902 440 3938 r.
459 3888 485 3936 d.
503 3887 596 3936 omnis:
620 3888 744 3950 quaedam
760 3886 809 3935 has
826 3901 860 3935 no
876 3886 1007 3948 meaning.
1123 3888 1169 3938 721
1187 3889 1227 3936 ita
1244 3903 1360 3952 quareque

156 3971 231 4022 lunt.
248 3972 288 4022 for
304 3973 343 4021 tta
358 3985 469 4033 masque.
582 3970 631 4022 724
647 3977 760 4018 conemur
777 3968 827 4019 Ed.
860 3977 971 4020 consuat
987 3969 1031 4018 AB
1049 3969 1117 4032 vulg.
1135 3969 1231 4020 Lech:
1254 3985 1298 4022 see
1315 3971 1364 4023 337

157 4055 210 4105 aud
221 4054 277 4105 694.
360 4053 408 4105 734
418 4053 523 4102 colorem
533 4051 604 4101 Nico.
615 4051 684 4113 vulg.
695 4051 736 4100 lor
747 4053 838 4100 colore:
856 4051 947 4100 Lamb.
960 4051 1012 4100 and
1022 4050 1102 4100 Lach.
1114 4050 1183 4114 deny
1194 4051 1253 4102 that
1265 4056 1367 4104 imbuta

157 4138 262 4186 colorem
277 4133 301 4185 is
317 4133 409 4194 Iratin3
431 4134 478 4184 but
495 4148 536 4183 see
558 4137 634 4183 notes
656 4134 680 4181 2.
735 4131 815 4182 Lech.
832 4132 907 4182 reads
926 4133 992 4182 Nive
1007 4135 1089 4182 alium
1110 4137 1287 4199 quamvisque
1303 4141 1373 4187 suat

158 4219 246 4267 tutata
263 4218 350 4275 colore,
367 4219 431 4278 cet.;
447 4216 494 4265 but
510 4213 555 4265 the
572 4213 733 4264 nominative
747 4229 810 4277 quae
827 4213 850 4262 is
870 4213 1013 4277 absolutely
1029 4213 1146 4275 required
1165 4215 1233 4266 hera
1267 4219 1374 4268 indata

157 4299 247 4350 Lamb.
261 4299 301 4349 for
318 4300 414 4348 intutu.
513 4297 560 4348 741
571 4295 672 4345 lumina
683 4295 751 4345 Flor.
766 4296 796 4344 31
809 4295 899 4344 (lamb.
911 4298 959 4346 etc.
973 4295 1013 4345 for
1024 4299 1136 4347 aomina.
1242 4299 1291 4350 742
1303 4302 1379 4349 Dia·

154 4395 243 4444 praere
262 4380 333 4430 Nico.
350 4393 415 4430 corr.
432 4378 528 4428 Arane.
546 4377 585 4426 ior
601 4379 748 4440 Desperare.
782 4379 905 4440 Aspeaere
922 4377 995 4426 Junt.
1012 4377 1104 4427 Lamb.
1204 4378 1253 4430 743
1269 4380 1365 4431 Bentl.
