2834 4792
650 119 687 184 Π

151 287 187 343 et
211 301 276 365 qua
299 279 331 343 vi
352 279 456 344 facere
477 279 512 344 id
534 288 691 367 cogantur
713 303 859 368 quaeque
882 282 926 347 sit
948 283 1020 348 ollis

151 382 283 447 reddita
304 381 467 448 mobilitas
489 405 644 470 magnum
667 406 725 470 per
746 384 842 449 inane
865 386 1002 462 meandi,

153 485 345 570 expediam:
374 493 413 550 tu
435 495 469 551 te
491 486 587 552 dictis
609 488 762 572 praebere
784 498 956 556 memento.

152 611 232 652 nam
255 598 341 654 certe
362 612 428 654 non
449 589 536 655 inter
558 613 591 655 se
614 592 737 677 stipata
757 593 906 659 cohaeret

154 693 317 769 materies,
339 694 489 778 quoniam
512 695 617 759 minui
638 718 706 760 rem
729 718 888 782 quamquo
909 698 1057 764 videmus

154 805 190 860 et
213 796 307 882 quasi
329 796 503 883 longinquo
525 798 625 863 fluere
647 800 755 863 omnia
777 801 938 866 cernimus
959 825 1041 867 aevo

156 921 197 963 ex
219 899 383 984 oculisque
406 909 605 966 vetustatem
627 902 805 968 subducere
828 906 954 982 nostris,

156 1000 232 1067 euni
255 1011 366 1067 tamen
387 1003 557 1068 incolumis
581 1004 729 1070 videatur
749 1029 876 1073 summa
899 1032 1027 1075 manere

157 1114 328 1192 propterea
349 1107 435 1192 quia,
456 1129 539 1192 quae
561 1107 722 1174 decedunt
744 1133 875 1197 corpora
897 1113 1021 1198 cuique,

142 1211 245 1275 -unde
266 1209 388 1275 abeunt
410 1210 572 1288 minuunt,
594 1233 657 1297 quo
680 1235 794 1278 venere
817 1216 969 1302 augmine
992 1216 1123 1295 donant,

157 1315 213 1379 illa
235 1336 398 1379 senescere
420 1323 455 1379 at
477 1314 556 1381 haec
577 1326 689 1381 contra
711 1317 875 1383 florescere
898 1329 1026 1405 cogunt,

157 1440 217 1483 nec
238 1429 440 1485 remorantur
461 1419 516 1486 ibi
538 1421 585 1485 sie
606 1443 713 1486 rerum
736 1444 862 1487 summa
884 1432 1022 1488 novatur
1234 1440 1273 1507 75

137 1574 142 1584 .
160 1545 295 1609 semper,
317 1532 351 1588 et
373 1523 460 1589 inter
482 1547 516 1589 se
538 1525 689 1590 mortales
713 1535 829 1590 mutua
852 1527 977 1593 vivunt.

160 1636 340 1714 augescunt
362 1628 444 1692 aliae
466 1637 589 1714 gentes,
612 1629 694 1694 aliae
717 1630 920 1706 minuuntur,

160 1732 260 1817 inque
283 1732 373 1796 brevi
395 1733 501 1818 spatio
523 1741 694 1797 mutantur
716 1734 820 1798 saecla
842 1734 1045 1798 animantum

162 1843 196 1898 et
219 1835 313 1919 quasi
334 1856 477 1899 cursores
498 1834 580 1899 vitai
602 1834 752 1920 lampada
774 1835 916 1900 tradunt.

206 1937 243 2002 Si
266 1959 389 2002 cessare
411 1946 508 2023 putas
529 1960 636 2003 rerum
659 1939 834 2024 primordia
856 1961 948 2024 posse

162 2042 378 2127 cessandoque
400 2063 499 2105 novos
520 2064 627 2106 rerum
650 2043 840 2130 progignere
864 2051 980 2118 motus,

162 2145 255 2209 avius
276 2168 296 2209 a
319 2167 394 2209 vera
416 2145 509 2232 longe
531 2146 656 2210 ratione
679 2147 813 2233 vagaris.

162 2271 239 2314 nam
261 2249 413 2335 quoniam
436 2272 494 2335 per
515 2249 611 2314 inane
634 2259 801 2336 vagantur,
825 2260 941 2315 cuncta
963 2260 1122 2315 necessest

164 2361 222 2418 aut
244 2353 407 2436 gravitate
430 2375 488 2417 sua
510 2353 586 2417 ferri
607 2353 782 2439 primordia
804 2376 912 2418 rerum

162 2463 221 2520 aut
243 2455 311 2519 ictu
334 2456 415 2519 forte
438 2455 579 2521 alterius.
602 2478 678 2519 nam
701 2478 772 2522 cum
794 2457 859 2519 cita
881 2477 977 2539 saepe

164 2556 261 2623 obvia
282 2557 460 2634 conflixere,
482 2557 520 2622 fit
535 2564 582 2621 'ut
603 2558 729 2622 diversa
751 2566 884 2642 repente

164 2661 343 2739 dissiliant;
376 2682 481 2746 neque
503 2660 591 2725 enim
612 2660 739 2738 mirum,
762 2661 934 2725 durissima
956 2682 1037 2745 quae
1060 2660 1126 2724 sint

165 2764 362 2851 ponderibus
383 2764 493 2828 solidis
514 2786 620 2849 neque
642 2765 814 2850 quiequam
838 2787 857 2828 a
880 2773 970 2850 tergo
993 2763 1066 2828 ibus
1088 2762 1203 2828 obstet.

166 2879 199 2934 et
222 2890 286 2954 quo
308 2868 422 2933 iactari
444 2868 548 2954 magis
570 2869 678 2933 omnia
700 2868 849 2933 materiai

167 2995 298 3059 corpora
318 2972 497 3058 pervideas,
518 2972 722 3037 reminiscere
745 2973 846 3038 totius
868 2973 971 3037 imum
1239 2987 1283 3049 90

167 3077 213 3141 nil
237 3098 305 3140 esse
328 3076 364 3139 in
386 3096 521 3151 summa,
543 3097 649 3161 neque
672 3076 791 3140 habere
813 3076 870 3139 ubi
892 3097 1023 3160 corpora
1045 3073 1149 3158 prima

168 3179 354 3257 consistant,
376 3179 528 3264 quoniam
551 3178 694 3262 spatium
716 3179 785 3242 sine
808 3177 872 3242 fine
895 3177 1085 3262 modoquest

168 3284 415 3368 inmensumque
437 3290 548 3367 patere
570 3281 605 3345 in
627 3290 760 3346 cunctas
782 3281 925 3366 undique
947 3280 1049 3366 partis

168 3385 315 3472 pluribus
336 3384 463 3449 ostendi
486 3392 519 3448 ct
542 3393 630 3449 certa
652 3385 777 3449 ratione
799 3384 1011 3469 probatumst.

168 3487 427 3574 quodquoniam
450 3496 584 3564 constat,
606 3488 759 3552 nimirum
782 3488 872 3552 nulla
894 3488 985 3573 quies
1008 3495 1057 3550 est
1240 3498 1281 3567 95

114 3754 192 3815 fiante
208 3779 257 3815 can
273 3763 305 3814 be
321 3762 411 3826 placed
427 3777 462 3812 on
478 3762 543 3812 such
560 3762 698 3812 citations:
722 3776 804 3824 comp.
823 3776 850 3811 11.
868 3765 896 3811 to
913 3776 924 3810 1
942 3760 982 3810 66.
1114 3760 1145 3809 68
1162 3774 1284 3822 quamque

114 3841 193 3898 &aaa
208 3848 279 3898 Nico.
294 3847 318 3895 B
334 3860 397 3896 corr.
416 3845 456 3895 for
470 3848 682 3908 quamquidemar.
782 3847 813 3896 73
827 3847 943 3908 capriatae
957 3844 979 3892 B
994 3858 1057 3894 corr.
1076 3842 1145 3893 Nico.
1164 3856 1228 3891 sorr.
1244 3841 1284 3890 for

115 3930 189 3980 mirre.
310 3929 416 3992 84sem
426 3927 496 3977 Nico.
508 3927 530 3976 B
542 3942 607 3978 corr.
620 3927 742 3978 fortem-i.
863 3927 894 3976 85
906 3943 964 3976 1111111
975 3941 1029 3975 cum
1042 3926 1133 3990 (quom)
1146 3925 1198 3972 cita
1209 3922 1283 3972 Wak.

114 4015 192 4062 ¹⁴aar
202 4014 263 4064 cita.
300 4013 354 4061 cita
365 4024 468 4075 operae
480 4009 549 4061 Nice.
585 4009 848 4073 ommitarcepeFlor.
861 4009 891 4059 31
905 4008 994 4059 camb.
1111 4006 1143 4056 86
1153 4006 1284 4067 coafliaeere

114 4094 176 4146 amb.
190 4095 217 4145 in
228 4097 305 4145 notes
316 4094 356 4143 for
366 4096 510 4158 eoaflecere.
546 4094 685 4154 confluxere
694 4091 764 4142 Nice.
777 4096 824 4141 etc.
860 4092 1012 4153 camfliaere
1023 4088 1115 4138 Lamb.
1148 4094 1178 4136 at
1187 4085 1284 4134 Arane.

114 4178 131 4215 ῑ·
141 4178 183 4226 ati.
214 4179 254 4226 ita
265 4177 306 4224 ati
316 4174 384 4226 Flor.
399 4158 430 4224 tl
443 4174 532 4226 Oamb.
547 4177 596 4224 etc.
754 4175 786 4223 88
798 4181 866 4234 terpo
877 4173 933 4221 ibas
945 4171 979 4221 Is.
994 4169 1101 4219 Vossius
1111 4167 1139 4217 in
1149 4181 1199 4217 ms.
1211 4169 1286 4216 notes

114 4257 271 4324 1111111311)
287 4259 356 4308 most
371 4255 469 4320 rightly
483 4256 523 4306 tor
538 4258 653 4320 serpitis.
752 4257 783 4306 95
800 4257 872 4305 calla
889 4253 959 4303 Nico.
973 4254 1013 4302 for
1028 4253 1116 4301 malta.
1150 4253 1233 4299 invita
1249 4248 1285 4298 Is.

172 4373 206 4422 11
1181 4349 1199 4412 6
