2834 4792
103 258 168 338 ²64
685 255 735 321 VI

191 417 376 482 concutitur
396 415 477 482 caeli
499 416 615 481 domus
636 416 781 504 undique
803 426 937 504 totaque
961 419 1066 495 tellus

192 529 227 585 et
248 542 322 585 cum
346 530 493 606 tempora
514 542 548 585 se
570 520 649 586 ueris
670 520 820 585 florentia
841 521 998 608 pandunt

191 623 307 709 frigore
330 623 417 688 enim
439 623 558 689 desunt
581 624 673 710 ignes
695 624 851 710 ventique
873 625 977 690 calore
1255 630 1315 710 360

192 727 348 792 deficiunt
370 749 476 813 neque
498 737 575 792 sunt
598 737 666 792 tam
689 727 788 792 denso
810 750 940 815 corpore
962 729 1073 794 nubes.

192 830 432 916 interutrasque
455 830 557 916 igitur
578 853 653 894 cum
676 830 757 895 caeli
779 840 926 916 tempora
948 840 1106 909 constent,
1164 852 1169 859 ·

193 942 264 997 tum
287 933 394 998 variae
416 955 531 996 causae
554 940 749 998 concurrunt
772 933 918 998 fulminis
940 956 1058 998 omnes.

193 1058 267 1099 nam
292 1036 393 1099 fretus
415 1035 485 1120 ipse
507 1035 584 1098 anni
606 1035 780 1120 permiscet
802 1035 906 1122 higus
927 1044 956 1100 et
977 1045 1113 1112 aestum,

193 1161 328 1224 quorum
350 1147 524 1223 utrumque
545 1160 626 1224 opus
645 1148 696 1203 est
717 1138 903 1203 fabricanda
920 1139 961 1204 ad
980 1139 1117 1204 fulmina
1135 1140 1228 1217 nubi,
1255 1144 1312 1224 365

193 1250 231 1305 ut
253 1240 410 1306 discordia
431 1241 473 1305 rit
495 1263 603 1305 rerum
627 1264 807 1327 magnoque
830 1242 977 1306 tumultu

194 1345 323 1430 ignibus
346 1355 380 1410 et
403 1345 509 1410 ventis
532 1345 725 1411 furibundus
748 1346 885 1410 fluctuet
907 1368 968 1410 aer.

194 1448 299 1534 prima
320 1448 433 1513 caloris
455 1448 542 1513 enim
565 1471 640 1534 pers
662 1460 696 1513 et
718 1459 881 1534 postrema
902 1432 1024 1534 rigoris,

195 1560 325 1636 tempus
347 1551 379 1615 id
404 1560 454 1616 est
477 1573 630 1632 vernum;
659 1573 758 1637 quare
780 1573 926 1638 pugnare
947 1558 1110 1616 necessest

194 1649 359 1714 dissimilis
380 1673 431 1716 res
453 1649 539 1715 inter
560 1672 595 1715 se
618 1650 812 1736 turbareque
835 1650 962 1715 mixtas.
1007 1671 1020 1684 ·
1254 1668 1316 1733 370

195 1762 229 1818 61
251 1755 337 1819 calor
358 1764 523 1819 extremus
546 1755 649 1840 primo
671 1776 745 1818 cum
769 1753 886 1841 frigore
910 1754 1031 1818 mixtus

198 1855 347 1932 volvitur,
369 1856 520 1921 autumni
543 1856 628 1941 quod
652 1858 755 1921 fertur
776 1856 905 1921 nomine
927 1865 1067 1942 tempus,

197 1959 248 2025 hic
270 1982 398 2046 quoque
420 1960 599 2048 confligunt
622 1961 745 2026 hiemes
767 1960 946 2025 aestatibus
967 1983 1062 2025 acres,

196 2074 367 2148 propterea
381 2063 574 2150 sretasunt
597 2064 675 2129 haee
698 2063 775 2128 anni
796 2063 1028 2140 nominitanda‚

196 2190 255 2232 nec
277 2167 436 2244 mirumst,
459 2169 492 2232 in
516 2191 554 2233 eo
576 2168 603 2232 si
626 2177 770 2253 tempore
793 2167 932 2253 plurima
954 2168 1039 2231 fiunt
1254 2184 1313 2250 375

198 2270 334 2335 fulmina
355 2280 597 2358 tempestasque
620 2271 723 2337 cietur
745 2270 875 2336 turbida
897 2271 992 2348 caelo,

196 2373 331 2460 ancipiti
354 2374 506 2460 quoniam
529 2374 613 2439 bello
636 2374 787 2438 turbatur
809 2374 982 2459 utrimque,

198 2476 272 2541 hine
296 2477 434 2541 flammis
457 2477 545 2542 illinc
570 2477 675 2541 ventis
698 2498 873 2562 umoreque
896 2477 1021 2543 mixto..

245 2581 314 2644 Hoc
338 2591 388 2645 est
410 2581 539 2667 igniferi
562 2590 711 2645 naturam
736 2581 880 2644 fulminis
903 2580 1006 2665 ipsam

199 2682 378 2767 perspicere
402 2694 436 2746 et
459 2705 523 2767 qua
545 2683 577 2746 vi
601 2682 698 2747 faciat
720 2705 788 2746 rem
811 2704 973 2767 quamque
995 2682 1112 2757 videre,
1256 2686 1320 2765 380

198 2809 259 2849 non
285 2787 450 2872 Tyrrhena
473 2796 557 2850 retro
582 2786 764 2850 volventem
787 2786 929 2850 carmina
951 2787 1070 2850 frustra

198 2888 317 2952 indicia
339 2889 482 2953 occultae
505 2888 617 2953 divum
640 2889 823 2974 perquirere
847 2889 973 2965 mentis,

198 2992 283 3055 unde
308 2992 418 3055 volans
440 2991 525 3077 ignis
547 2991 731 3077 pervenerit
753 3001 811 3056 aut
834 2991 868 3055 in
890 3000 997 3056 utram
1021 3014 1055 3056 se

200 3095 334 3158 verterit
358 3094 431 3157 hino
455 3095 583 3179 partim,
606 3118 669 3180 quo
691 3104 786 3180 pacto
808 3117 867 3180 per
888 3096 956 3159 loca
978 3104 1090 3180 saepta

198 3197 378 3273 insinuarit,
401 3209 434 3262 et
457 3199 532 3262 hinc
554 3197 739 3262 dominatus
763 3211 801 3262 ut
823 3198 978 3263 extulerit
1000 3220 1043 3275 se,
1254 3203 1314 3280 385

199 3301 316 3386 quidve
340 3323 450 3365 nocere
474 3309 572 3386 queat
595 3301 635 3366 de
658 3302 745 3366 eaelo
767 3301 912 3366 fulminis
935 3301 1028 3366 ictus

113 3511 177 3558 6116.
276 3509 518 3560 3596666661161.
531 3511 561 3559 31
574 3510 664 3560 (lamb.
677 3510 741 3560 Mar.
754 3509 935 3561 6161616666.
972 3509 1281 3574 66166(66666)761.1166.

146 3592 286 3643 3611661666
298 3593 416 3655 Μ61.63.
429 3592 525 3642 Victor.
537 3593 565 3643 in
576 3593 616 3643 ed.
629 3593 693 3646 Ven.
707 3594 765 3644 Ald.
778 3595 792 3642 1
804 3595 820 3643 J
822 3598 877 3643 unt.
890 3594 930 3643 for
941 3595 1043 3643 6616666.
1159 3594 1207 3642 362
1220 3596 1316 3642 Intera-

115 3681 222 3736 traeque.
258 3677 432 3738 Interutraque
450 3674 530 3724 Lach.
644 3676 692 3725 364
710 3684 734 3725 61
751 3675 834 3725 added
851 3675 885 3738 by
902 3674 967 3724 Mar.
988 3674 1062 3723 Junt.
1091 3676 1206 3737 frigidus
1223 3683 1318 3725 6661661

114 3755 183 3805 Nico.
201 3758 228 3804 to
244 3757 340 3808 Arane.
376 3758 411 3806 ad
422 3764 516 3805 6661616
526 3755 636 3806 Nonius.
768 3757 815 3807 365
827 3755 980 3806 6616116611.
993 3755 1033 3804 for
1044 3756 1115 3804 66166
1126 3754 1211 3804 which
1223 3755 1271 3805 has
1283 3771 1317 3805 no

113 3852 194 3888 sense.
320 3839 368 3889 366
379 3842 413 3889 661
424 3837 507 3888 added
519 3838 552 3900 by
562 3838 628 3887 Mar.
640 3837 698 3887 Ald.
713 3840 726 3887 l
738 3838 811 3889 Junt.
847 3838 964 3888 6661161.
976 3839 1007 3886 31
1020 3837 1109 3887 (lamb.
1225 3838 1273 3886 368
1285 3847 1317 3896 et,

116 3921 205 3980 6136616
217 3919 281 3969 Μ61.
296 3919 369 3970 Junt.
381 3919 450 3980 vulg.
462 3918 503 3967 for
514 3926 558 3979 661,
574 3920 669 3980 leporis.
703 3918 783 3968 Lech.
795 3918 872 3981 keeps
884 3926 928 3979 661,
943 3917 995 3967 and
1007 3918 1046 3966 for
1056 3919 1085 3967 id
1096 3917 1171 3967 reads
1181 3925 1219 3966 61.

146 4001 195 4050 370
211 4015 250 4048 res
267 4003 335 4050 inter
352 4016 377 4050 66
394 3999 462 4049 Flor.
476 3999 506 4048 31
519 3998 607 4049 (lamb.
620 4001 635 4048 3
649 4000 709 4049 Vat.
722 4000 762 4049 for
777 4000 844 4049 inter
859 4014 892 4049 66.
928 4002 996 4049 inter
1009 4014 1035 4047 66
1050 4013 1089 4047 rea
1104 3997 1163 4048 Ver.
1175 3998 1238 4050 Ven.
1253 3999 1317 4050 Mar.

115 4081 181 4142 vulg.
194 4080 274 4130 Lach.
287 4081 562 4144 61611313666616666
576 4080 599 4128 16
613 4079 757 4142 metrioully
767 4094 816 4129 one
830 4079 908 4129 word.
1039 4081 1088 4131 374
1100 4082 1172 4143 freta
1186 4080 1271 4133 added
1284 4084 1319 4147 by

115 4163 193 4213 Lach.
205 4167 274 4213 most
285 4163 394 4226 acutely.
427 4162 538 4213 Flor.-31
551 4163 640 4213 Gamb.
652 4163 717 4215 Mar.
731 4163 799 4224 vulg.
812 4162 863 4212 add
874 4164 940 4212 16116
951 4162 1017 4212 61161
1029 4164 1098 4212 haec.
1198 4165 1246 4216 375
1258 4169 1319 4215 6661

114 4247 210 4296 Bcorr.
225 4245 316 4296 Lamb.
331 4245 371 4294 161
382 4261 428 4297 eos.
464 4246 612 4296 6161666666
625 4245 791 4295 (lambMar.
825 4247 848 4293 si
860 4246 888 4294 16
900 4261 927 4295 66
943 4252 995 4294 tum
1009 4245 1106 4295 Avano.
1140 4246 1164 4294 66
1179 4247 1208 4295 661
1223 4262 1252 4296 66
1267 4249 1319 4297 iam

113 4329 274 4377 Ρ6111.16111.
382 4329 431 4379 376
442 4329 523 4377 cietur
534 4327 637 4376 turbida
648 4325 670 4374 B
683 4339 745 4376 corr.
760 4324 831 4374 Flor.
844 4326 875 4374 31
884 4324 974 4374 (lamb.
986 4324 1057 4373 Brix.
1070 4324 1159 4374 161666
1172 4328 1284 4377 turbida.

145 4410 371 4461 3326661161161.
383 4411 414 4460 31
427 4409 516 4460 cumb.
529 4411 544 4459 3
556 4410 614 4460 761.
627 4409 693 4459 Mar.
705 4410 745 4459 161
757 4409 843 4458 nunti.
909 4409 957 4457 334
970 4410 1028 4458 hinc
1041 4409 1105 4458 Mar.
1120 4408 1200 4462 Lach.
1212 4409 1253 4459 for
1265 4411 1315 4472 1166,
