2834 4792
237 345 375 411 flumina
395 346 631 432 suppeditant?
660 347 746 413 unde
769 348 882 414 aether
904 349 1010 414 sidera
1032 352 1162 437 pascit?

238 447 347 512 omnis
368 448 456 513 eni-m
478 449 586 526 debet,
608 450 737 514 mortali
759 473 889 537 corpore
911 474 995 537 quae
1020 464 1106 531 sunt,

239 550 369 616 infinita
390 560 481 617 aetas
503 575 693 639 consumpse
715 562 866 619 anteacta
889 554 1031 641 diesque.

239 653 324 738 quod
347 653 375 718 si
397 654 433 718 in
455 677 493 719 eo
514 655 621 741 spatio
643 664 743 742 atque
765 666 916 722 anteacta
939 667 1048 724 aetate
1072 660 1161 726 fuere

239 779 256 821 e
279 757 397 843 quibus
420 759 500 824 haec
521 781 628 824 rerum
652 760 799 825 consistit
821 783 949 826 summa
971 764 1102 839 refecta,

240 860 404 925 inmortali
426 871 504 927 sunt
527 873 645 928 natura
667 863 815 949 praedita
838 874 935 942 certe,

239 966 319 1030 haut
341 967 445 1054 igitur
466 976 603 1052 possunt
624 966 666 1031 ad
688 968 793 1032 nilum
815 991 962 1055 quaeque
987 973 1114 1036 reverti.

238 1068 377 1155 denique
400 1091 451 1134 res
473 1070 577 1135 omnis
601 1071 714 1136 eadem
735 1071 785 1136 vis
807 1095 968 1159 causaque
994 1075 1087 1161 volgo

237 1173 414 1249 conficeret,
439 1175 501 1238 nisi
523 1175 676 1239 materies
698 1185 831 1240 aeterna
853 1184 990 1254 teneret,

236 1277 320 1341 inter
342 1300 377 1342 se
398 1300 485 1342 nexu
509 1278 616 1343 minus
638 1287 696 1343 aut
719 1280 822 1365 magis
845 1280 1058 1366 indupedits3

237 1390 344 1445 tactus
366 1381 453 1446 enim
476 1382 535 1446 leti
558 1382 637 1447 satis
660 1393 745 1448 esset
768 1406 865 1449 eausa
886 1385 1040 1470 profecto,

237 1484 364 1570 quippe,
389 1485 446 1550 ubi
468 1486 558 1549 nulla
581 1485 685 1550 forent
707 1496 839 1552 aeterno
861 1510 1000 1574 corpore,
1024 1512 1160 1575 quorum

238 1597 426 1654 contextum
448 1589 498 1653 vis
520 1590 654 1655 deberet
676 1591 848 1657 dissolvere
871 1615 1029 1678 quaeque.

191 1749 193 1754 .
236 1700 270 1755 at
291 1714 387 1769 nunc,
410 1692 496 1757 inter
520 1715 553 1757 se
576 1694 653 1778 quia
675 1717 778 1759 nexus
800 1695 1032 1782 principiorum

238 1793 409 1860 dissimiles
432 1805 582 1861 constant
604 1807 800 1884 aeternaque
823 1801 977 1864 materies
1001 1812 1059 1878 est,

238 1898 391 1963 ineolumi
413 1908 583 1964 remanent
605 1924 656 1965 res
678 1924 816 1988 corpore,
839 1904 918 1968 dum
943 1905 1023 1970 satis
1046 1907 1127 1971 acris

238 2003 285 2066 vis
308 2003 403 2067 obeat
425 2026 483 2090 pro
506 2013 638 2069 textura
660 2006 814 2092 cuiusque
838 2018 975 2092 reperta.

225 2106 324 2171 -haud
347 2107 449 2194 igitur
470 2108 556 2172 redit
578 2109 620 2173 ad
643 2109 747 2173 nilum
770 2132 821 2174 res
845 2110 919 2187 ulla,
944 2110 1001 2176 sed
1024 2134 1135 2177 omnes

238 2211 371 2276 discidio
393 2211 531 2277 redeunt
555 2213 589 2277 in
611 2236 742 2299 corpora
764 2214 921 2279 materiai.

235 2327 396 2402 postremo
418 2328 557 2403 pereunt
580 2317 708 2394 imbres,
731 2319 788 2383 ubi
812 2340 865 2383 eos
888 2328 982 2404 pater
1003 2321 1118 2384 aether·

236 2419 271 2482 in
293 2419 452 2505 gremium
477 2419 591 2484 matris
613 2420 712 2485 terrai
734 2421 987 2506 praecipitavit;

236 2533 271 2587 at
294 2523 417 2588 nitidae
440 2534 579 2611 surgunt
602 2525 710 2611 fruges
732 2525 878 2611 ramique
901 2526 1065 2591 virescunt

235 2626 412 2704 arboribus,
434 2635 583 2692 crescunt
606 2626 695 2713 ipsse
718 2629 852 2713 fetuque
875 2637 1072 2715 gravantur3

235 2727 310 2792 hinc
333 2728 433 2794 alitur
454 2752 547 2815 porro
570 2738 716 2794 nostrum
738 2752 842 2816 genus
864 2740 963 2816 atque
987 2732 1137 2809 ferarum,

235 2832 311 2897 hinc
333 2833 435 2897 laetas
457 2833 553 2897 urbes
575 2834 684 2919 pueris
706 2834 818 2899 florere
843 2835 989 2900 videmus

235 2936 487 3022 frondiferasque
510 2937 601 3002 novis
623 2938 739 3002 avibus
761 2961 875 3003 canere
898 2940 1043 3026 undique
1066 2940 1182 3021 silvas;

236 3038 311 3104 hinc
334 3040 434 3105 fessae
456 3042 597 3127 pecudes
618 3042 734 3128 pingui
756 3064 814 3126 per
836 3043 956 3128 pabula
980 3045 1067 3108 laeta

234 3165 365 3228 corpora
386 3144 555 3231 deponunt
579 3155 612 3210 et
635 3146 775 3210 candens
798 3146 921 3211 lacteus
946 3170 1039 3212 umor

234 3246 388 3312 uberibus
411 3257 523 3314 manat
546 3250 716 3330 distentis;
739 3250 813 3314 hinc
836 3274 919 3315 nova
942 3252 1048 3336 proles

179 3328 196 3429 i
234 3352 371 3417 artubus
392 3352 529 3417 infirmis
552 3362 679 3418 teneras
702 3354 819 3418 lasciva
841 3377 899 3440 per
922 3356 1037 3420 herbas

235 3453 322 3518 ludit
344 3455 429 3520 lacte
451 3477 540 3520 mero
563 3465 690 3521 mentes
711 3459 857 3542 perculsa
879 3458 1032 3523 novellas.

235 3558 323 3622 haud
345 3558 448 3644 igitur
469 3559 602 3644 penitus
624 3568 762 3645 pereunt
785 3583 1007 3647 quaecumque
1031 3560 1191 3638 videntur,

234 3661 363 3748 quando
385 3662 451 3729 alid
474 3686 513 3728 ex
536 3665 599 3729 olio
621 3664 725 3730 reficit
748 3674 865 3729 natura
888 3688 947 3729 neo
971 3666 1072 3729 ullam

232 3788 301 3831 rem
323 3767 416 3854 gigni
437 3769 564 3853 patitur
586 3768 648 3831 nisi
671 3775 774 3831 morte
796 3767 912 3831 adiuta
933 3768 1047 3832 aliena.

149 4019 533 4085 immmensoh.and1ed.in
549 4018 588 4068 ed.
605 4021 628 4068 1.
695 4026 855 4082 externaque.
874 4026 1024 4081 extentaque
1038 4018 1119 4068 Laeh.
1186 4021 1264 4080 lonae.
1283 4020 1351 4079 torpe

146 4102 225 4152 Barn.
237 4100 291 4152 and
301 4100 351 4151 Ed.
363 4100 393 4151 in
403 4100 443 4151 ad.
456 4101 479 4150 1.
579 4101 627 4149 240
644 4116 709 4149 nero
725 4099 797 4149 Mon.
814 4100 888 4148 Junt.
905 4101 945 4148 for
960 4115 1047 4149 nexos.
1080 4098 1170 4148 Lemb.
1187 4098 1226 4148 ed.
1245 4097 1350 4148 land2

146 4199 224 4235 uexat
236 4184 323 4249 (uem
334 4181 374 4232 ad.
388 4181 437 4231 lis
448 4196 464 4231 a
475 4181 609 4244 misprint)
621 4181 673 4231 and
684 4183 831 4244 indupedite
838 4202 848 4240 ;
865 4180 904 4230 ed.
917 4183 932 4229 3
944 4182 1214 4244 uerus...endopedito.

147 4267 196 4318 257
207 4267 303 4331 pinosi
322 4264 381 4315 Iun.
402 4262 578 4326 Philargyrius
597 4267 625 4313 to
643 4263 713 4327 Virg.
733 4278 800 4326 geor.
819 4278 852 4313 111
872 4265 919 4312 124
938 4264 978 4313 for
994 4265 1106 4326 pinquis,
1127 4277 1156 4313 as
1173 4262 1264 4325 Heyne
1280 4261 1352 4311 thera

145 4349 255 4401 notitae.
355 4346 403 4397 268
419 4347 554 4397 alicNioo.
566 4347 676 4396 forello.
775 4346 823 4395 264
840 4345 1124 4395 adiutaAoorr.Nicc.
1137 4344 1287 4394 foradlota.
