2834 4792
756 111 787 176 V

256 296 321 339 non
342 295 436 338 ruere
457 272 581 338 avolsos
601 273 707 338 silices
727 295 748 338 a
769 273 935 339 montibus
957 275 1034 340 altis

255 401 315 444 nec
337 377 461 443 validas
481 377 554 442 aevi
576 377 660 442 vires
681 377 822 463 perferre
843 378 978 464 patique

256 481 365 546 finiti?
393 502 499 567 neque
522 481 609 546 enim
632 480 785 546 caderent
806 482 915 546 avolsa
936 492 1080 568 repente,
1308 488 1407 565 3133

255 608 296 651 ex
318 586 446 651 infinito
469 607 552 670 quae
574 594 719 671 tempore
741 586 991 672 pertolerassent

255 690 364 754 omnia
385 698 548 756 tormenta
569 689 688 755 aetatis
710 690 838 776 privata
860 691 993 774 fragore.

299 793 448 879 Denique
471 794 536 858 iam
559 803 651 858 tuere
674 792 742 870 hoo,
764 793 886 859 circum
908 815 1069 879 supraque
1091 793 1180 878 quod
1202 815 1325 858 omnem

254 895 399 961 continet
421 897 574 982 amplexu
597 905 735 960 terram:
765 896 793 960 si
814 905 962 981 procreat
984 917 1024 960 ex
1046 918 1081 962 se

254 999 371 1075 omnia,
392 999 478 1084 quod
501 998 633 1084 quidam
656 1006 845 1077 memorant,
867 998 1049 1084 recipitque
1070 1008 1250 1086 perempta,
1308 1017 1356 1082 32·
1374 1010 1407 1053 =

253 1111 360 1167 totum
383 1102 531 1166 nativum
553 1101 683 1166 mortali
705 1124 835 1188 corpore
858 1108 994 1167 constat.

252 1227 329 1269 nam
351 1204 576 1290 quodcumque
598 1203 678 1268 alias
700 1226 740 1269 ex
762 1226 797 1268 se
819 1226 871 1268 res
891 1212 992 1290 auget
1013 1203 1147 1290 alitque,

253 1307 399 1373 deminui
421 1307 528 1384 debet,
552 1307 696 1384 recreari,
718 1329 793 1371 cum
816 1306 932 1393 recipit
953 1329 1010 1372 res.

298 1410 469 1474 Praeterea
490 1410 519 1474 si
540 1410 630 1474 nulla
652 1409 715 1473 fuit
736 1408 889 1497 genitalis
912 1409 1001 1496 origo

253 1525 412 1581 terrarum
435 1522 469 1578 et
491 1513 573 1578 caeli
594 1535 784 1599 semperque
806 1522 938 1577 aeterna
961 1513 1058 1589 fuere,
1307 1531 1380 1596 324

252 1640 310 1682 cur
331 1639 449 1702 supera
470 1616 592 1681 bellum
615 1616 807 1681 Thebanum
830 1624 864 1680 et
887 1615 1001 1681 funera
1022 1615 1137 1681 Troiae

252 1744 316 1787 11011
339 1721 418 1785 alias
440 1720 496 1785 alii
519 1741 646 1805 quoque
671 1741 721 1784 res
743 1719 887 1784 cecinere
909 1723 1050 1804 poetae?

251 1848 316 1911 quo
338 1833 389 1889 tot
412 1824 497 1888 facta
519 1824 625 1887 virum
648 1824 769 1888 totiens
791 1823 934 1888 cecidere
956 1845 1062 1908 neque
1086 1845 1226 1909 usquam

251 1928 391 1993 aeternis
414 1928 518 1991 famae
541 1926 750 1991 monimentis
773 1925 872 1990 insita
894 1925 1034 1991 florent?

251 2053 372 2107 verum,
394 2039 434 2095 ut
455 2029 577 2117 opinor,
599 2030 698 2094 habet
720 2029 899 2094 novitatem
923 2052 1049 2094 summa
1071 2052 1248 2116 recensque
1306 2033 1407 2114 335

250 2142 400 2200 naturast
423 2133 537 2197 mundi
558 2156 664 2219 neque
686 2133 811 2220 pridem
834 2133 965 2199 exordia
986 2133 1080 2219 oepit.

250 2262 349 2326 quare
372 2239 471 2304 etiam
494 2238 653 2323 quaedam
677 2260 762 2302 nunc
784 2245 871 2302 artes
894 2238 1110 2324 expoliuntur,

249 2366 336 2407 nunc
359 2342 458 2407 etiam
481 2350 659 2426 augescunt
671 2365 679 2421 ;
708 2364 794 2406 nunc
816 2341 929 2406 addita
949 2341 1090 2428 navigiis
1112 2350 1190 2407 sunt

250 2447 362 2522 multa,
385 2445 480 2509 modo
502 2444 643 2531 organici
668 2443 796 2509 melicos
818 2466 972 2529 peperere
994 2465 1129 2509 sonores.

249 2551 388 2635 denique
410 2558 528 2613 natura
550 2548 629 2613 haec
651 2571 759 2613 rerum
781 2549 928 2634 ratioque
950 2556 1110 2634 repertast
1306 2567 1321 2631 3
1327 2566 1340 2628 3
1346 2564 1359 2628 5
1382 2551 1407 2607 i

248 2677 360 2739 nuper,
383 2662 417 2717 et
440 2653 522 2716 hanc
545 2652 668 2737 primus
690 2674 765 2716 oum
788 2651 900 2736 primis
922 2652 991 2738 ipse
1014 2660 1164 2736 repertus

248 2779 335 2823 nunc
357 2778 416 2841 ego
439 2777 511 2819 sum
534 2755 568 2818 in
591 2754 712 2839 patrias
735 2754 792 2839 qui
814 2753 934 2838 possim
958 2761 1082 2818 vertere
1105 2776 1206 2819 voces.

248 2861 334 2946 quod
356 2859 383 2923 si
406 2860 487 2924 forte
510 2858 608 2923 fuisse
630 2857 768 2922 antchac
790 2857 902 2922 eadem
926 2857 1035 2921 omnia
1056 2856 1169 2933 credie,

247 2962 303 3028 sed
327 2963 458 3049 periisse
481 2962 648 3026 hominum
672 2961 808 3026 torrenti
831 2961 934 3025 saecla
957 2983 1083 3046 vapore,

247 3074 305 3132 aut
329 3065 480 3130 cecidisse
504 3065 593 3129 urbis
615 3087 732 3151 magno
755 3064 924 3129 vexamine
947 3063 1071 3139 mundi,
1303 3082 1363 3145 340

248 3181 307 3238 aut
329 3194 368 3235 ex
392 3169 550 3234 imbribus
572 3168 715 3233 adsiduis
738 3168 840 3233 exisse
863 3190 993 3253 rapaces

246 3298 304 3361 per
326 3284 427 3338 terras
450 3295 560 3336 amnes
583 3282 676 3357 atque
698 3273 817 3357 oppida
839 3273 1047 3357 cooperuisse,

157 3468 277 3518 proporro
295 3456 447 3515 vetitumque
467 3467 589 3501 1111111111
608 3454 695 3502 credor
718 3452 798 3502 Laoh.
843 3454 934 3502 0111111
954 3467 1074 3516 proporro
1094 3453 1222 3516 subitoque
1243 3468 1362 3504 1111110111

158 3549 219 3584 cusu
240 3532 306 3583 Mar.
330 3532 404 3582 Junt.
426 3531 517 3581 Lamb.
537 3531 576 3581 ed.
600 3532 613 3580 1
637 3532 689 3582 and
712 3535 735 3592 2,
756 3533 859 3583 Greeoh.
899 3533 991 3582 Lamb.
1011 3532 1051 3585 ed.
1073 3534 1088 3581 3
1109 3532 1219 3582 obelises
1239 3533 1294 3584 this
1312 3533 1362 3584 and

160 3614 225 3664 adds
241 3613 286 3663 the
303 3629 353 3662 ms.
366 3627 444 3662 verse.
478 3613 513 3661 Is.
526 3613 599 3662 Voss.
613 3613 669 3678 (not
685 3614 794 3678 Preiger)
811 3614 839 3663 in
854 3629 904 3663 ms.
916 3618 990 3663 notes
1006 3613 1055 3663 has
1073 3614 1143 3674 Quae
1161 3629 1233 3664 ruere
1244 3630 1362 3678 proporro

160 3697 198 3744 ibi
226 3709 319 3757 coitque
346 3708 469 3743 senescere
497 3695 591 3743 credas.
637 3697 732 3756 [Quare
757 3710 877 3758 proporro
906 3698 956 3745 cibi
984 3710 1086 3758 carneque
1113 3708 1239 3745 1111111111
1266 3698 1362 3758 credas]

158 3777 249 3825 Rern:
268 3775 320 3824 Gir.
332 3775 384 3825 and
395 3775 469 3825 Wak.
481 3775 536 3824 find
547 3790 582 3825 110
594 3775 719 3839 difficulty
730 3778 758 3825 in
771 3776 815 3826 the
826 3793 875 3826 ms.
885 3777 999 3839 reading.
1132 3777 1181 3825 313
1192 3793 1288 3828 omnem
1299 3779 1360 3828 Mar.

159 3858 233 3908 Junt.
248 3857 288 3905 for
298 3871 375 3906 omne.
520 3857 568 3908 313
579 3859 602 3905 ai
614 3871 665 3905 om.
678 3858 749 3907 Nice.
761 3857 814 3907 and
825 3859 861 3908 all
872 3860 938 3908 later
949 3873 1024 3907 mss:
1041 3857 1122 3908 hence
1133 3857 1214 3908 much
1225 3859 1359 3909 confusion

158 3939 186 3988 111
204 3938 257 3987 eds.
275 3937 361 3987 before
379 3935 469 3995 Lech„
487 3937 649 4000 Haveroamp
669 3942 715 3987 not
735 3938 855 4001 deigning
876 3943 903 3988 to
923 3938 1011 3988 record
1031 3937 1089 3988 that
1108 3938 1153 3986 AB
1173 3939 1239 3989 both
1258 3939 1357 3991 hadri.

158 4017 446 4070 0111111...111101311110.
481 4026 580 4076 terram,
592 4019 659 4081 qaod
670 4019 734 4069 Mar.
747 4019 821 4068 tunt.
833 4020 902 4082 vulg.
1011 4020 1059 4068 321
1077 4022 1200 4070 nativam.
1234 4025 1360 4073 mtioocc

157 4103 235 4151 Bern.
342 4098 389 4147 331
406 4100 532 4148 Natarust
543 4101 631 4149 muudi
642 4100 699 4151 ald.
715 4103 738 4158 1,
750 4103 852 4150 Natura
864 4109 901 4150 eat
912 4102 978 4151 Mar.
990 4101 1064 4151 Junt.
1077 4102 1117 4151 101
1128 4103 1232 4152 Natura
1239 4105 1359 4154 1111πά311

157 4183 211 4233 this
222 4194 343 4231 common
354 4179 463 4229 blunder
473 4180 502 4230 01
511 4195 559 4230 our
569 4196 631 4232 mss.
646 4181 720 4233 Wak.
734 4181 795 4231 here
807 4181 893 4245 keeps.
1017 4184 1065 4234 339
1077 4185 1186 4246 periisse
1197 4182 1269 4234 Flor.
1281 4183 1360 4233 31101

154 4267 256 4329 perisse.
356 4263 403 4310 342
420 4270 495 4326 atque
507 4265 600 4327 oppidu
611 4263 682 4313 Flor.
694 4266 725 4313 31
738 4265 826 4314 (lamb.
839 4264 904 4314 Mar.
917 4265 956 4315 101
967 4273 996 4315 ut
1007 4267 1109 4328 oppida.
1148 4281 1179 4315 ac
1190 4263 1264 4316 Nico.
1275 4267 1291 4315 3
1302 4265 1358 4316 Vct.
