2834 4792
639 236 688 301 IV

155 419 231 483 ergo
252 395 382 460 animus
404 417 479 460 cum
501 417 571 460 sese
593 395 642 460 ita
664 406 844 462 commovet
866 407 905 463 ut
927 399 1006 464 velit
1028 399 1075 466 ire

154 499 253 587 inque
275 498 378 586 gredi,
399 497 475 562 ferit
497 499 663 584 extemplo
685 521 767 585 quae
790 501 825 565 in
847 523 977 586 corpore
1000 512 1070 568 toto

154 627 213 690 per
234 602 381 667 membra
401 611 501 688 atquc
522 612 613 667 artus
635 603 756 668 animai
778 604 892 669 dissita
915 605 963 670 vis
986 616 1044 673 est.

155 715 190 772 et
212 705 337 770 facilest
359 705 456 783 factu,
478 705 632 791 quoniam
654 707 827 771 coniuncta
849 716 987 774 tenetur.

154 811 230 875 inde
253 832 293 875 ea
314 831 464 895 proporro
486 832 602 895 corpus
624 810 707 888 ferit,
729 820 829 897 atque
851 812 899 876 ita
921 821 991 878 tota

153 915 314 1000 paulatim
336 914 436 979 moles
457 914 663 998 protruditur
684 924 784 1000 atque
807 926 962 981 movetur.

153 1026 323 1103 praeterea
345 1026 416 1082 tum
438 1017 571 1082 rarescit
594 1040 720 1103 quoque
743 1041 858 1104 corpus
881 1028 915 1083 et
938 1042 1000 1097 aer,

154 1119 277 1184 scilicet
299 1128 338 1185 ut
360 1119 459 1185 debet
481 1120 538 1206 qui
560 1142 687 1206 semper
709 1121 837 1186 mobilis
859 1131 960 1199 extat,

153 1245 212 1309 per
234 1224 397 1309 patefacta
419 1223 509 1288 venit
531 1232 746 1309 penetratque
769 1224 926 1288 foramina
947 1226 1055 1312 largus

154 1336 189 1392 et
211 1327 409 1413 dispargitur
432 1328 473 1391 ad
496 1328 600 1413 partis
622 1327 670 1392 ita
692 1351 835 1414 quasque
858 1329 1001 1395 minutas

153 1431 299 1516 corporis.
344 1431 397 1494 hic
418 1430 520 1515 igitur
541 1429 638 1494 rebus
659 1430 698 1494 fit
720 1430 885 1515 utrimque
909 1432 1044 1510 duabus,

152 1533 317 1620 †corporis
339 1542 378 1598 ut
401 1555 438 1597 ac
459 1533 552 1597 navis
573 1533 653 1597 velis
677 1541 838 1617 ventoque
862 1534 991 1600 feratur.

154 1660 212 1702 nec
234 1646 347 1702 tamen
369 1636 452 1701 illud
474 1635 509 1699 in
533 1635 583 1700 his
605 1637 702 1699 rebus
724 1635 871 1701 mirabile
893 1646 1028 1714 constat,

79 1823 81 1826 Α
152 1742 283 1806 tantula
305 1740 392 1826 quod
415 1749 546 1805 tantum
569 1762 684 1824 corpus
707 1741 894 1825 corpuscula
916 1750 1050 1826 possunt

153 1854 363 1931 contorquere
385 1852 419 1909 et
442 1866 524 1908 onus
546 1852 654 1908 totum
677 1853 862 1908 convertere
884 1854 1039 1911 nostrum.

154 1948 274 2033 quippe
297 1946 419 2011 etenim
443 1953 560 2010 ventus
582 1945 696 2030 suptili
718 1967 846 2031 corpore
869 1948 975 2010 tenvis

153 2051 258 2116 trudit
279 2073 379 2138 agens
401 2071 553 2136 magnam
576 2071 693 2135 magno
717 2049 882 2113 molimine
905 2072 1020 2115 navem

152 2162 186 2218 et
208 2175 324 2217 manus
345 2175 413 2216 una
434 2151 518 2238 regit
540 2151 711 2236 quantovis
733 2151 856 2236 impete
878 2162 1012 2217 euntem

151 2265 250 2343 atque
272 2255 504 2342 gubernaclum
526 2262 716 2339 contorquet
739 2255 884 2338 quolibet
907 2275 1018 2334 unum,

151 2360 317 2444 multaque
340 2381 397 2444 per
419 2359 553 2422 trocleas
576 2365 610 2420 et
633 2365 788 2442 tympana
810 2359 950 2442 pondere
973 2383 1091 2447 magno
1202 2381 1263 2447 905

153 2474 332 2530 commovet
354 2472 453 2549 atque
476 2463 540 2526 levi
562 2461 704 2525 sustollit
727 2462 878 2526 machina
899 2463 979 2528 nisu.

196 2569 294 2633 Nunc
316 2568 434 2654 quibus
457 2567 512 2631 ille
534 2566 639 2630 modis
661 2588 792 2629 somnus
814 2588 871 2651 per
894 2567 1038 2632 membra
1061 2569 1205 2654 quietem

153 2672 272 2759 inriget
294 2679 393 2756 atque
416 2670 516 2734 animi
540 2691 632 2733 curas
655 2691 672 2732 e
695 2678 823 2753 pectore
846 2669 958 2746 solvat,

152 2773 324 2838 suavidicis
347 2773 575 2859 potiusquam
599 2772 711 2835 multis
735 2771 879 2836 versibus
902 2772 1014 2852 edam3

152 2901 270 2964 parvus
292 2887 331 2942 ut
354 2885 404 2941 est
427 2875 517 2962 cycni
540 2875 653 2940 melior
674 2898 777 2951 canor,
800 2875 855 2940 ille
877 2898 995 2962 gruum
1018 2900 1115 2963 quam
1202 2899 1267 2963 910

152 2983 272 3046 clamor
292 2981 328 3044 in
350 2979 504 3045 aetheriis
526 2979 689 3064 dispersus
711 2978 853 3043 nubibus
876 2979 985 3043 austri,
1063 3007 1065 3012 ·

151 3093 189 3151 tu
211 3084 292 3148 mihi
314 3084 356 3148 da
378 3083 487 3148 tenuis
509 3105 601 3146 aures
623 3082 833 3166 animumque
855 3104 1010 3168 sagacem,

151 3210 192 3252 ne
214 3187 286 3251 fieri
308 3187 434 3273 negites
457 3207 540 3271 quae
563 3185 668 3249 dicam
690 3206 782 3269 posse
805 3195 954 3269 retroque

151 3313 227 3356 vera
249 3289 429 3375 repulsanti
450 3289 596 3353 discedas
617 3297 747 3374 pectore
770 3287 865 3364 dicta,

151 3393 286 3459 tutimet
309 3393 343 3457 in
365 3394 461 3478 culpa
482 3416 556 3457 cum
579 3393 623 3457 sis
644 3416 750 3478 neque
773 3416 902 3458 cernere
925 3396 1034 3479 possis.
1200 3414 1261 3480 915

150 3496 308 3583 principio
330 3518 460 3561 somnus
482 3496 520 3560 fit
542 3497 600 3560 ubi
623 3505 673 3560 est
694 3497 849 3561 distracta
871 3519 928 3582 per
950 3507 1040 3563 artus

150 3600 199 3664 vis
221 3599 348 3664 animae
369 3600 554 3685 partimque
577 3600 660 3663 foras
682 3599 785 3664 eiecta
806 3601 937 3664 recessit

150 3708 185 3765 et
206 3701 326 3785 partim
349 3708 499 3764 contrusa
521 3701 624 3787 magis
646 3701 803 3766 concessit
824 3702 859 3765 in
881 3703 1003 3782 altum3

149 3803 375 3886 dissoluuntur
397 3803 484 3867 enim
510 3811 582 3867 tum
605 3804 736 3867 demum
759 3805 903 3868 membra
925 3805 1104 3890 fluuntque.

62 3971 154 4022 Lamb.
167 3969 218 4022 Gif.
234 3969 387 4020 Greechetc
402 3970 525 4032 Wrongly.
591 3971 769 4020 constotFlor.
782 3973 813 4020 31
826 3972 890 4022 Mar.
906 3973 1076 4024 forcomtcre.
1145 3975 1265 4040 890ferit

61 4052 127 4103 Mar.
138 4051 310 4101 AlnlJunt.
322 4052 363 4101 for
369 4053 446 4114 perat.
499 4052 504 4059 '
567 4052 615 4102 897
626 4051 650 4099 is
662 4055 783 4113 corrupt:
801 4066 841 4101 see
853 4056 927 4102 notes
939 4054 962 4102 2.
999 4053 1263 4116 Oorpccutadnavia

60 4132 109 4185 Ea
127 4133 158 4182 in
174 4132 214 4182 orl
231 4133 254 4182 2.
291 4135 375 4195 Aeque
391 4133 461 4180 idat
476 4147 506 4181 oc
521 4133 595 4180 naum
609 4132 687 4181 Bern.
703 4133 757 4182 and
771 4133 820 4182 Ed.
836 4133 864 4183 iu
880 4133 920 4182 ed.
937 4134 960 4182 1.
995 4136 1110 4198 Corporis
1127 4142 1156 4184 ct
1173 4135 1261 4188 (lamb.

60 4213 119 4265 Vct.
131 4213 210 4264 3276:
227 4213 283 4264 also
294 4212 375 4263 Lech.
388 4213 454 4262 after
466 4212 590 4262 Muretus.
622 4214 715 4276 Corpus
727 4217 776 4273 cti,
788 4222 817 4264 ct
828 4215 919 4264 Lamb.
933 4214 1035 4264 Oreech.
1063 4218 1125 4265 celr'a
1133 4224 1262 4281 ventoque.

60 4298 264 4358 rectioremque
277 4293 405 4344 Gasaendi
418 4308 564 4357 operanp.
577 4295 661 4345 toth.
789 4298 1062 4360 905ponderemo9no.
1097 4297 1193 4348 ‘immo
1200 4316 1263 4362 pon-

62 4380 124 4428 dora
133 4376 238 4440 πωπω
248 4375 326 4426 Lach.
340 4375 450 4426 without
461 4375 527 4438 good
538 4391 644 4426 reason:
663 4392 747 4441 comp.
759 4392 775 4425 v
786 4379 842 4429 556.
956 4380 1003 4430 915
1016 4381 1126 4430 Tutimet
1136 4381 1186 4433 Ed.
1201 4383 1264 4433 with
