2834 4792
664 222 719 287 111
1252 243 1308 306 141

186 386 272 472 quod
294 407 397 474 genus
419 394 478 463 est,
501 386 610 451 animo
633 385 718 450 male
742 386 866 450 factum
892 408 966 451 cum
989 387 1182 472 perhibetur

184 496 243 554 aut
265 489 407 554 animam
431 489 582 575 liquisse;
615 488 674 554 ubi
696 488 762 553 iam
784 489 970 574 trepidatur
991 503 1025 555 et
1048 513 1159 556 omnes

187 600 369 657 extremum
391 592 529 679 cupiunt
551 592 640 656 vitae
662 592 918 678 repraehendere
941 592 1091 658 vinclum.

95 695 166 762 600
188 702 418 780 conquassatur
439 694 526 760 enim
550 702 622 758 tum
645 715 736 759 mens
758 693 951 778 animaeque
974 702 1120 779 potestas

188 796 292 861 omnis
314 804 348 861 et
370 797 450 861 haec
472 796 541 882 ipso
564 818 638 861 cum
661 817 790 881 corpore
813 795 1051 875 conlabefiunt3
1249 802 1308 881 585

187 909 225 965 ut
247 900 375 988 gravior
397 901 494 986 paulo
516 899 618 986 possit
641 899 814 964 dissolvere
837 920 942 964 eausa.

190 1003 269 1090 quid
292 1003 424 1070 dubitas
446 1005 580 1069 tandem
603 1003 682 1090 quin
705 1011 797 1067 extra
819 1002 949 1089 prodita
971 1024 1085 1088 corpus

188 1108 340 1173 inbecilla
362 1108 445 1173 foras
467 1107 503 1172 in
524 1115 645 1194 aperto,
668 1105 813 1192 tegmine
836 1105 978 1192 dempto,

97 1213 162 1292 605
187 1232 252 1275 non
274 1210 368 1275 modo
389 1233 455 1274 non
477 1231 606 1274 omnem
628 1209 730 1295 possit
753 1209 951 1294 durare-per
972 1231 1094 1286 aevom,

56 1321 58 1324 ’
187 1314 244 1378 sed
266 1314 438 1378 minimum
461 1313 597 1399 quodvis
619 1321 761 1399 nequeat
784 1313 958 1378 consistere
982 1319 1135 1400 tempus?
1249 1332 1311 1400 590

100 1432 116 1500 5
123 1418 167 1502 76
188 1439 287 1503 quare
310 1418 410 1483 etiam
432 1425 532 1503 atque
555 1416 655 1481 etiam
677 1416 817 1481 resoluto
840 1417 979 1502 corporis
1002 1418 1089 1481 omni

189 1521 336 1608 tegmine
358 1528 392 1586 et
415 1519 527 1585 eiectis
549 1528 641 1584 extra
663 1520 819 1584 vitalibus
841 1520 928 1584 auris

190 1624 324 1689 dissolui
346 1646 459 1689 sensus
480 1624 582 1688 animi
604 1623 726 1689 fateare
748 1632 910 1689 necessest

189 1735 287 1812 atque
310 1727 463 1804 animam,
484 1727 636 1813 quoniam
659 1727 863 1791 coniunctast
886 1748 981 1791 causa
1004 1727 1136 1793 duobus.

102 1833 170 1914 580
233 1830 383 1916 Denique
405 1852 479 1894 cum
502 1852 617 1916 corpus
638 1838 780 1916 nequeat
803 1830 943 1916 perferre
966 1830 1086 1896 animai
1250 1849 1307 1918 595

190 1933 362 1999 discidium
383 1935 463 2020 quin
484 1934 520 1998 in
542 1942 648 2000 taetro
670 1934 815 1999 tabescat
838 1935 942 2011 odore,

192 2036 270 2122 quid
291 2037 423 2105 dubitas
445 2039 525 2124 quin
547 2061 586 2104 ex
609 2039 675 2104 imo
697 2039 893 2125 penitusque
916 2047 1024 2105 coorta

190 2142 348 2207 emanarit
369 2141 421 2207 uti
443 2142 552 2208 fumus
574 2142 692 2207 diffusa
714 2144 841 2207 animae
865 2143 923 2220 vis,

194 2251 293 2328 atque
314 2244 387 2310 ideo
409 2253 504 2311 tanta
525 2254 690 2310 mutatum
712 2254 809 2330 putre
832 2246 926 2309 ruina

102 2349 166 2430 585
192 2347 366 2413 conciderit
387 2370 511 2434 corpus,
533 2348 667 2434 penitus
689 2349 766 2433 quia
788 2357 877 2413 mota
900 2349 968 2413 loco
990 2359 1068 2414 sunt
1246 2355 1312 2418 600

192 2449 410 2530 fundamenta,
432 2452 517 2517 foras
538 2453 648 2517 anima
670 2462 845 2518 emanante
867 2476 925 2540 per
947 2463 1037 2519 artus

191 2574 311 2639 perque
333 2555 458 2619 viarum
483 2555 587 2620 omnis
609 2555 719 2632 flexus,
742 2556 777 2620 in
800 2577 929 2641 corpore
952 2556 1009 2642 qui
1031 2566 1116 2634 sunt,

191 2662 288 2740 atque
310 2656 490 2722 foramina?
519 2657 722 2723 multimodis
744 2667 782 2723 ut
806 2680 935 2724 noscere
957 2660 1058 2745 possis

191 2757 396 2844 dispertitam
418 2760 547 2826 animae
569 2770 721 2826 naturam
744 2762 848 2826 exisse
871 2785 929 2848 per
950 2775 1041 2827 artus

102 2876 169 2945 590
192 2869 226 2926 et
247 2862 338 2948 prius
359 2887 428 2930 esse
452 2866 514 2931 sibi
536 2866 724 2931 distractam
747 2888 877 2952 corpore
900 2866 935 2930 in
957 2867 1035 2952 ipso,
1247 2872 1307 2951 605

191 2987 289 3051 quam
311 2968 459 3053 prolapsa
481 2969 564 3034 foras
586 2978 697 3034 enaret
719 2970 754 3034 in
776 2969 859 3034 aeris
880 2992 983 3035 auras.

191 3089 251 3132 nec
272 3067 336 3133 sibi
357 3070 444 3135 enim
467 3070 638 3157 quisquam
661 3071 800 3136 moriens
822 3072 942 3137 sentire
965 3072 1094 3137 videtur

192 3173 239 3237 ire
261 3173 345 3238 foras
366 3175 509 3240 animam
531 3175 726 3241 incolumem
749 3176 790 3241 de
813 3198 943 3262 corpore
966 3185 1035 3241 toto

193 3297 252 3340 nec
272 3275 364 3362 prius
384 3276 426 3341 ad
448 3278 597 3363 iugulum
620 3286 654 3342 et
677 3300 793 3364 supera
815 3279 984 3343 succedere
1007 3279 1122 3354 fauces

195 3400 307 3443 verum
329 3380 466 3445 deficere
489 3380 524 3444 in
546 3389 635 3446 certa
656 3379 786 3468 regione
809 3381 947 3445 locatam
958 3402 965 3460 ;
1247 3387 1312 3451 610

193 3489 232 3545 ut
252 3468 365 3547 sensus
386 3483 466 3548 alios
487 3483 522 3547 in
544 3484 630 3569 parti
652 3507 813 3571 quemque
837 3506 895 3548 sua
916 3484 978 3549 scit

194 3583 334 3653 dissolui.
379 3587 464 3673 quod
487 3587 516 3652 si
537 3587 717 3654 inmortalis
739 3597 850 3654 nostra
872 3590 954 3654 foret
977 3612 1076 3668 mens,

194 3709 258 3752 non
280 3697 350 3754 tam
372 3712 405 3755 se
428 3691 568 3756 moriens
590 3693 722 3758 dissolvi
744 3702 1000 3779 conquereretur,

194 3791 250 3856 sed
272 3793 376 3879 magis
398 3793 445 3858 ire
468 3795 551 3858 foras
573 3803 762 3881 vestemque
784 3796 974 3881 relinquere,
996 3805 1034 3861 ut
1057 3798 1180 3883 anguis

106 3941 174 3994 58οι
191 3941 263 3994 Nico.
275 3943 346 3994 Mon.
358 3943 429 3994 Brix.
440 3943 499 3997 Ver.
513 3945 577 3998 Van.
591 3947 656 3996 omit
667 3947 714 3999 579
726 3947 779 3997 and
791 3948 847 3998 580.
936 3949 984 3998 580
996 3956 1083 3998 trunco
1094 3947 1175 3998 added
1186 3947 1220 4012 by
1230 3949 1309 4000 Lach.

106 4026 198 4076 cadere
208 4028 293 4076 omnia
303 4041 402 4091 corpore
412 4031 520 4078 membra
530 4029 599 4079 Flor.
611 4031 642 4078 31
654 4028 742 4080 (lamb.
758 4030 824 4080 Mar.
837 4031 904 4092 vulg.
999 4031 1046 4079 581
1054 4031 1202 4093 perhibetur
1212 4031 1234 4079 B
1247 4045 1311 4083 corr.

106 4109 149 4159 ior
155 4111 255 4173 per-ibet
265 4109 297 4170 B,
307 4110 547 4174 periberetANicc.
646 4112 694 4164 591
707 4114 790 4174 Quare
801 4113 980 4163 Nicc,Bcorr.
993 4114 1033 4162 for
1046 4114 1121 4174 Quae.
1221 4114 1311 4165 59755

104 4189 177 4240 Flor.
188 4191 220 4240 31
232 4190 321 4245 (lamb.
332 4191 373 4242 for
383 4206 423 4242 eu.
540 4194 588 4244 598
599 4195 698 4243 animae
710 4196 749 4243 vta
760 4193 830 4243 Flor.
843 4195 873 4243 31
887 4194 976 4244 (lamb.
988 4194 1046 4245 Ver.
1058 4194 1120 4243 Ven.
1134 4194 1200 4243 Mar.
1212 4199 1260 4244 etc.
1273 4197 1313 4245 for

104 4274 194 4323 amma
210 4275 271 4323 eiua
396 4272 443 4325 691
456 4276 531 4338 sorus
547 4277 635 4325 animo
651 4285 783 4327 cumcuma
799 4278 874 4328 Wak.
892 4278 931 4326 for
943 4280 1017 4341 sorus
1033 4287 1138 4328 omnum
1155 4281 1311 4342 animaeque.

100 4356 178 4419 sorau
193 4362 311 4407 maante
326 4358 413 4408 animo
428 4372 505 4421 arque
521 4356 601 4408 naua
734 4359 807 4409 After
824 4359 872 4408 614
889 4358 954 4408 Mar.
972 4359 1030 4408 Ald.
1049 4360 1063 4407 1
1081 4359 1154 4409 dunt.
1172 4359 1239 4421 vulg.
1259 4359 1310 4411 add
