2834 4792
496 827 535 902 T.
578 826 807 902 LUORETI
852 825 978 902 OARI

378 1060 467 1145 DE
526 1060 772 1146 RERUM
832 1056 1122 1144 NATURA

558 1347 690 1406 LIBER
717 1347 923 1419 QUARTUS
980 1436 985 1444 Ι
1096 1353 1098 1360 ’

231 1696 332 1781 [Avia
354 1695 518 1761 Pieridum
542 1717 676 1783 peragro
699 1696 768 1762 loca
789 1697 910 1761 nullius
932 1706 1010 1762 ante

232 1801 312 1865 trita
333 1801 407 1878 s010‚
429 1800 521 1865 iuvat
544 1801 686 1888 integros
707 1801 856 1867 accedere
880 1802 978 1866 fontis

231 1912 331 1989 atque
353 1904 491 1982 haurire,
513 1904 668 1990 iuvatque
690 1927 788 1969 novos
810 1905 981 1991 decerpere
1004 1906 1096 1971 flores

232 2007 456 2094 insignemque
478 2030 550 2072 meo
573 2007 673 2094 capiti
694 2016 804 2093 petere
827 2009 903 2073 iude
926 2031 1074 2074 coronam

232 2111 319 2175 unde
341 2110 431 2196 prius
453 2111 535 2176 nulli
557 2112 696 2176 velarint
717 2121 863 2197 tempora
885 2134 1014 2192 musae;

233 2214 374 2300 primum
396 2215 482 2301 quod
505 2215 631 2302 magnis
653 2215 750 2280 doceo
772 2215 813 2280 de
835 2215 930 2280 rebus
954 2224 988 2281 et
1010 2215 1089 2280 artis

233 2318 425 2405 religionum
447 2317 594 2383 animum
616 2319 708 2383 nodis
730 2319 891 2383 exsolvere
914 2340 1024 2405 pergo,

234 2421 350 2485 deinde
372 2420 458 2507 quod
480 2421 614 2486 obscura
635 2422 676 2486 de
698 2443 732 2485 re
754 2429 824 2486 tam
846 2420 954 2486 lucida
975 2444 1081 2508 pango

234 2522 383 2601 carmina,
405 2539 536 2588 musaeo
559 2523 748 2610 contingens
770 2532 885 2589 cuncta
909 2524 1025 2609 lepore.

235 2628 269 2693 id
291 2650 418 2714 quoque
440 2629 527 2693 enim
550 2650 615 2693 non
636 2628 678 2693 ab
700 2628 790 2693 nulla
812 2629 936 2693 ratione
959 2628 1106 2708 videtur3

234 2754 310 2796 nam
332 2733 434 2797 veluti
455 2733 565 2819 pueris
588 2732 751 2798 absinthia
773 2741 879 2798 taetra
902 2731 1071 2797 medentes

234 2858 308 2901 cum
330 2835 407 2901 dare
429 2846 594 2912 conantur,
616 2835 706 2922 prius
728 2858 798 2900 oras
820 2836 935 2921 pocula
957 2836 1076 2900 circum

235 2938 428 3023 contingunt
450 2939 556 3003 mellis
579 2938 666 3003 dulci
688 2939 835 3024 flavoque
857 2938 989 3023 liquore,

234 3050 273 3106 ut
295 3064 467 3127 puerorum
489 3051 580 3106 aetas
602 3041 771 3128 inprovida
793 3040 978 3106 ludificetur

235 3145 396 3210 labrorum
419 3152 523 3223 tenus,
545 3146 670 3211 interea
692 3154 841 3232 perpotet
864 3167 1010 3210 amarum

234 3248 378 3313 absinthi
400 3248 530 3312 laticem
553 3248 752 3334 deceptaque
774 3271 839 3312 non
861 3249 1017 3333 capiatur,

235 3353 292 3417 sed
313 3352 422 3438 potius
445 3353 503 3417 tali
525 3361 620 3438 pacto
642 3361 784 3418 recreata
806 3353 955 3430 valescat,

235 3455 282 3520 sic
302 3478 360 3542 ego
383 3477 476 3532 nuuc,
499 3455 652 3541 quoniam
674 3456 753 3520 haec
774 3455 857 3521 ratio
879 3455 1069 3541 plerumque
1092 3455 1222 3521 videtur

235 3559 357 3625 tristior
379 3581 447 3623 esse
470 3559 589 3644 quibus
610 3581 675 3623 non
698 3569 747 3624 est
769 3567 917 3637 tractata,
941 3567 1090 3645 retroque

234 3663 346 3748 volgus
368 3663 519 3729 abhorret
541 3663 583 3727 ab
605 3663 674 3739 hac,
696 3663 783 3728 volui
805 3663 868 3728 tibi
890 3663 1129 3749 suaviloquenti
1307 3681 1350 3727 20

236 3767 376 3832 carmine
399 3766 503 3831 Pierio
526 3766 685 3831 rationem
706 3788 866 3851 exponere
887 3774 1033 3831 nostram

180 3969 330 4022 motmunt
365 3970 462 4018 animoa
477 3967 598 4018 Lactant.
616 3982 626 4016 r
645 3968 676 4017 16
685 3979 697 4020 τ,
713 3981 754 4017 see
771 3981 782 4016 1
802 3967 859 4017 933.
991 3967 1006 4014 8
1021 3979 1105 4029 poapo
1123 3964 1191 4013 Flor.
1211 3965 1241 4012 31
1261 3963 1350 4013 Gamb.

146 4051 243 4103 ava.
261 4050 329 4114 vulg.
346 4050 387 4100 for
402 4051 504 4114 pondo:
522 4065 550 4100 so
568 4064 579 4098 1
597 4051 653 4101 933.
785 4049 815 4097 11
834 4049 908 4100 Nom.
944 4049 980 4097 Ac
1000 4045 1108 4109 Quintil.
1126 4061 1159 4095 111
1179 4046 1193 4095 1
1213 4045 1229 4093 4
1250 4046 1352 4096 Nonius

147 4134 299 4196 Hieronyna
382 4133 414 4182 13
431 4133 595 4194 Continuant.
628 4132 760 4193 Inaptroot
771 4145 800 4180 or
810 4132 952 4193 Atperquat
963 4128 1073 4191 Quintil.
1145 4129 1176 4178 1⁷
1184 4135 1260 4191 pacto
1271 4127 1352 4177 Laoh.

148 4217 300 4268 forotaoto:
318 4213 445 4265 ⁵01942.
478 4229 495 4262 a
511 4220 581 4262 tacto
595 4211 665 4262 Nico.
681 4225 730 4261 ono
742 4211 799 4262 Vat.
813 4211 872 4261 Ver.
884 4211 948 4260 Ven.
961 4210 1131 4260 alul-lunt.
1143 4210 1218 4261 Wak.
1251 4219 1352 4262 attactu

150 4298 218 4350 Flor.
230 4298 261 4348 31
279 4297 295 4346 3
311 4295 370 4347 Vat.
403 4297 509 4346 adtacta
530 4291 619 4344 camb.
653 4301 724 4343 tacto
739 4292 829 4343 Lamb.
846 4291 886 4342 ed.
904 4294 927 4344 3.
959 4295 1032 4357 facto
1048 4291 1140 4343 Iamb.
1159 4292 1200 4342 ed.
1219 4293 1233 4340 1
1250 4292 1304 4343 aud
1325 4295 1349 4354 2i
