2834 4792
644 219 674 284 V

140 385 276 451 collibus
297 395 332 452 et
353 385 476 473 campis
498 397 537 453 ut
559 386 724 466 haberent,
746 380 846 474 atque
868 388 1011 454 olearum

141 488 269 555 caerula
290 488 494 577 distinguens
515 490 602 557 inter
623 491 721 579 plaga
740 513 867 559 currere
889 503 999 579 posset

141 614 199 677 per
221 592 364 657 tumulos
386 601 421 658 et
443 593 599 658 convallis
620 615 812 682 camposque
834 597 984 683 profusa;

140 704 179 760 ut
200 717 287 760 nunc
310 718 378 761 esse
401 696 490 762 vides
513 697 601 763 vario
621 697 778 765 distincta
800 699 909 787 lepore
957 705 962 714 ’

142 799 258 876 omnia,
282 821 364 885 quae
387 801 491 887 pomis
513 800 663 867 intersita
684 802 833 870 dulcibus
855 814 972 872 ornant

142 902 347 988 arbustisque
370 912 485 969 tenent
507 904 655 970 felicibus
676 904 784 992 opsita
804 905 934 975 aucum

187 1008 232 1071 At
256 1006 394 1092 liquidas
416 1007 523 1072 avium
548 1029 641 1074 voces
663 1007 820 1076 imitarier
841 1033 895 1077 ore

143 1119 220 1174 ante
244 1108 306 1172 suit
330 1108 433 1173 multo
456 1130 553 1194 quam
576 1108 660 1175 levia
681 1109 825 1176 carmina
844 1121 943 1178 cantu

143 1211 363 1277 concelebrare
387 1211 533 1276 homiues
555 1221 686 1297 possent
708 1212 860 1300 aurisque
881 1214 1000 1282 iuvare.

144 1327 178 1381 et
201 1315 341 1401 zephyri,
362 1337 441 1380 cava
462 1337 520 1400 per
541 1315 746 1394 calamorum,
768 1316 864 1383 sibila
885 1317 1026 1405 primum

144 1419 281 1506 agrestis
303 1419 439 1484 docuere
462 1440 555 1484 cavas
577 1419 690 1486 inflare
713 1420 845 1487 cicutas.

145 1522 220 1589 inde
244 1522 432 1587 minutatim
454 1522 557 1588 dulcis
579 1522 720 1589 didicere
743 1524 909 1610 querellas,

146 1627 228 1692 tibia
250 1649 331 1712 quas
354 1626 462 1691 fundit
484 1625 598 1714 digitis
620 1625 749 1714 pulsata
770 1637 955 1704 censimum,

146 1729 221 1794 avia
244 1752 301 1815 per
322 1751 453 1794 nemora
475 1751 513 1793 ac
535 1728 632 1793 silvas
653 1728 820 1815 saltusque
842 1738 978 1814 reperta,

147 1855 205 1919 per
228 1833 296 1899 loca
317 1843 483 1919 pastorum
505 1833 632 1898 deserta
654 1840 754 1918 atque
777 1831 844 1897 otia
865 1830 928 1898 dia

147 1937 226 2002 haec
247 1936 372 2001 animos
394 1936 465 2001 ollis
488 1936 674 2001 mulcebant
695 1944 795 2021 atque
817 1934 973 2000 iuvabant

147 2061 220 2104 cum
243 2039 360 2104 satiate
383 2039 467 2119 cibi;
497 2061 573 2104 nam
596 2047 668 2103 tum
691 2037 766 2104 hoec
787 2046 865 2103 sunt
887 2036 996 2102 omnia
1016 2036 1114 2104 cordi.

147 2163 241 2226 saepe
264 2141 376 2228 itaque
399 2141 484 2207 inter
505 2163 539 2207 se
562 2139 715 2228 prostrati
737 2140 772 2205 in
794 2140 940 2228 gramine
962 2139 1051 2205 molli

148 2256 280 2331 proptor
301 2268 404 2332 aquae
427 2247 526 2311 rivom
551 2245 612 2309 sub
634 2244 733 2309 ramis
755 2243 876 2310 arboris
898 2243 984 2308 altae

148 2372 211 2414 non
230 2346 362 2436 'magnis
384 2350 499 2436 opibus
521 2349 660 2415 iucunde
683 2371 814 2435 corpora
835 2347 1009 2424 habebant,

149 2454 338 2538 praesertim
362 2476 434 2518 cum
458 2461 634 2538 tempestas
656 2451 784 2517 ridebat
806 2459 841 2517 et
863 2450 941 2516 anni

151 2568 297 2643 tempora
319 2557 498 2643 pingebant
520 2555 691 2621 viridantis
713 2555 846 2620 floribus
869 2554 992 2620 herbas.

151 2670 222 2725 turn
245 2661 323 2738 ioca,
347 2672 417 2727 tum
441 2684 553 2737 sermo,
576 2671 648 2725 tum
671 2660 781 2725 dulces
803 2681 872 2724 esse
895 2657 1043 2723 cachinni

151 2775 349 2830 consuerant.
378 2765 514 2851 agrestis
537 2765 624 2830 enim
647 2773 718 2829 tum
742 2785 836 2828 musa
857 2762 1006 2849 vigebat3

152 2877 222 2932 tum
246 2876 344 2954 caput
366 2878 465 2953 atque
489 2890 616 2932 umeros
638 2867 743 2953 plexis
766 2865 917 2931 redimire
940 2866 1064 2931 coronis

151 2970 282 3035 floribus
305 2985 338 3036 ct
362 2971 446 3036 foliis
470 2971 600 3036 lascivia
623 2971 709 3036 laeta
732 2969 894 3046 monebat,

152 3083 250 3159 atquc
273 3084 366 3139 extra
389 3096 559 3139 numerum
583 3073 753 3159 procedere
777 3071 922 3136 membra
945 3082 1113 3138 moventes

152 3174 276 3239 duriter
299 3187 332 3242 ct
354 3177 434 3241 duro
457 3187 576 3241 terram
601 3176 681 3263 pede
704 3176 823 3262 pellere
845 3182 1002 3256 matrem

152 3278 237 3342 unde
260 3280 446 3345 oriebantur
468 3280 550 3345 risus
573 3279 745 3364 dulcesque
768 3277 925 3356 cachinni,

153 3383 260 3447 omnia
282 3384 367 3469 qued
390 3406 473 3448 nova
496 3394 566 3448 tum
590 3383 694 3470 magis
716 3381 795 3447 haec
818 3390 852 3446 et
874 3381 956 3446 mira
977 3381 1139 3468 vigebant

153 3497 186 3552 et
210 3487 420 3572 vigilantibus
444 3488 518 3553 hinc
540 3488 676 3553 aderant
699 3486 815 3552 solacia
837 3485 950 3563 somni,
1191 3503 1272 3571 1405

154 3590 270 3655 ducere
293 3591 494 3655 multimodis
517 3614 608 3656 voces
630 3599 664 3656 et
687 3591 816 3656 flectere
839 3597 953 3655 cantus

154 3705 187 3759 et
210 3717 327 3780 supera
349 3696 486 3759 calamos
510 3717 591 3760 unco
613 3716 797 3781 percurrere
820 3694 929 3775 labro;

69 3982 144 4023 terra
244 3974 307 4022 1888
325 3971 486 4023 lese-1454
504 3972 575 4031 1488,
588 3971 641 4021 and
651 3985 694 4022 are
705 3970 765 4022 hers
776 3970 848 4034 quite
859 3975 905 4022 out
916 3970 944 4020 ol
958 3969 1039 4034 plaos.
1140 3972 1204 4025 1881
1222 3981 1276 4023 tam

69 4056 128 4104 haec
144 4061 203 4103 sant
219 4056 303 4103 omnia
319 4055 360 4103 ‘ut
376 4052 482 4115 quidam
497 4052 599 4115 legunt’
611 4066 672 4115 says
687 4050 778 4101 hamb.
790 4052 831 4101 for
847 4059 899 4102 tam
913 4059 971 4102 ruat
986 4052 1084 4101 amaia:
1101 4064 1187 4115 comp.
1201 4052 1274 4102 1404.

71 4144 122 4185 tom
133 4143 191 4186 suat
202 4138 316 4185 carmina
327 4134 403 4187 Laola
419 4137 473 4185 otio
483 4133 574 4185 Faber.
696 4134 759 4186 1887
775 4135 832 4183 ioca
842 4132 912 4183 Flor.
925 4132 956 4182 81
968 4131 1040 4183 Mar:
1047 4130 1106 4182 Ala
1119 4132 1133 4181 1
1145 4132 1221 4185 suna
1236 4133 1276 4183 lor

70 4219 132 4268 loca.
232 4218 296 4268 1400
312 4215 901 4269 88888881ΐί88.811188888818888888881.
1003 4214 1182 4267 1408880818
1198 4219 1277 4267 smmi

68 4296 161 4349 Lamb.
179 4296 259 4347 Laoh.
278 4297 318 4346 lor
335 4298 430 4346 sebasia
446 4311 537 4346 somno.
572 4299 690 4345 ‘secutus
707 4309 766 4345 sum
782 4293 897 4346 codicem
914 4293 1085 4345 Vaticannm’
1103 4309 1165 4359 says
1181 4295 1274 4348 Iamb.

17 4354 167 4516 wahe
178 4393 241 4428 mss.
254 4384 282 4428 at
293 4382 396 4441 present
408 4377 436 4426 in
447 4377 492 4428 the
504 4376 614 4428 Vatican
625 4374 699 4437 bave,
714 4376 727 4426 1
742 4375 847 4439 believe,
861 4391 958 4427 somam
974 4375 1023 4427 but
1037 4374 1116 4439 again
1131 4377 1185 4428 and
1200 4378 1276 4442 again
