2834 4792
250 369 419 434 servitium
442 382 553 436 contra
574 380 748 458 paupertas
769 372 976 458 divitiaeque,

250 473 382 538 libertas
404 474 527 539 bellum
549 476 725 553 concordia,
746 486 854 541 cetera
876 499 1012 563 quorum

249 575 392 641 adventu
415 587 526 642 manet
548 578 717 644 incolumis
737 588 855 645 natura
875 579 1042 665 abituque,

251 679 330 744 haec
352 680 439 744 soliti
461 703 581 757 sumus,
603 690 642 746 ut
663 704 723 767 par
743 690 803 760 est,
824 691 942 748 eventa
963 706 1082 749 vocare.

251 792 380 869 tempus
402 786 483 849 item
506 809 563 871 per
584 808 619 851 se
640 808 706 851 non
727 796 787 863 est,
807 786 865 853 sed
885 788 983 853 rebus
1004 787 1047 853 ab
1068 787 1148 875 ipsis
1346 866 1354 879 ,

250 888 458 972 consequitur
479 910 600 965 sensus,
622 896 821 955 transactum
843 890 923 976 quid
945 890 988 955 sit
1010 890 1045 954 in
1066 912 1155 967 aevo,
1299 890 1363 970 460

250 1000 322 1055 tum
345 1015 427 1078 quae
450 1014 501 1057 res
523 994 633 1069 instet,
654 992 734 1079 quid
755 1016 849 1081 porro
870 992 988 1059 deinde
1010 1002 1173 1079 sequatur.

251 1117 310 1158 uec
332 1117 445 1180 perse
467 1118 662 1181 quemquam
684 1105 816 1183 tempus
835 1097 956 1163 sentire
979 1097 1180 1163 fatendumst

251 1208 411 1262 semotum
434 1198 476 1262 ab
498 1221 604 1263 rerum
627 1208 719 1265 motu
742 1200 931 1287 placidaque
953 1201 1072 1287 quieta

251 1299 391 1387 denique
414 1300 630 1386 Tyndaridem
654 1312 779 1388 raptam
802 1302 951 1389 belloque
972 1303 1123 1369 subactas

252 1404 462 1491 Troiiugenas
484 1406 687 1491 gentiacum
710 1405 824 1470 dicunt
846 1404 932 1483 esse,
946 1406 1156 1471 videndumst
1300 1407 1365 1488 465

252 1529 294 1571 ne
316 1508 398 1572 forte
421 1508 500 1573 haec
522 1531 580 1593 per
601 1530 634 1572 se
658 1518 775 1594 cogant
797 1531 855 1573 nos
877 1531 945 1573 esse
967 1509 1072 1586 fateri,

252 1611 381 1694 quando
404 1635 442 1676 ea
463 1613 568 1677 saecla
590 1613 767 1690 hominum,
789 1636 925 1700 quorum
947 1614 1028 1680 haec
1051 1622 1169 1681 eventa
1190 1615 1336 1693 fuerunt,

253 1712 476 1779 inrevocabilis
498 1715 671 1781 abstulerit
693 1716 759 1780 iam
782 1717 959 1802 praeterita
981 1726 1092 1796 aetas3

253 1838 392 1902 namque
416 1819 499 1882 aliut
521 1818 664 1896 Teucris,
684 1820 767 1884 aliut
790 1820 974 1906 regionibus
996 1819 1075 1905 ipsis

253 1930 407 1984 eventum
429 1920 493 1985 dici
514 1922 635 2006 pot-erit
658 1922 882 2009 quodcumque
904 1922 967 1987 erit
988 1931 1105 1987 actum.
1301 1942 1372 2006 470

253 2022 392 2108 denique
415 2024 567 2089 materies
589 2025 615 2088 si
638 2048 745 2089 rerum
769 2026 859 2090 nulla
881 2026 997 2091 fuisset

253 2149 312 2191 uec
335 2128 422 2192 locus
443 2150 480 2191 ac
502 2129 653 2213 spatium,
676 2152 726 2193 res
747 2129 782 2193 in
804 2152 868 2215 quo
890 2152 1037 2216 quaeque
1059 2141 1225 2217 geruntur,

252 2254 430 2317 numquam
453 2231 645 2317 Tyndaridis
667 2232 786 2297 formae
809 2233 966 2297 conflatus
987 2256 1095 2297 amore

252 2335 345 2421 ignis,
366 2334 543 2399 Alexandri
565 2335 706 2423 Phrygio
728 2336 788 2400 sub
810 2346 939 2421 pectore
959 2337 1106 2424 gliscens,

252 2440 337 2503 clara
358 2438 554 2503 accendisset
576 2440 663 2503 saevi
684 2441 861 2503 certamina
882 2439 967 2517 belli,

254 2565 313 2609 nec
335 2544 417 2607 clam
440 2542 594 2607 durateus
616 2542 775 2607 Troiianis
798 2544 954 2630 Pergama
976 2554 1072 2629 partu

250 2646 481 2711 inflammasset
503 2668 601 2731 equos
622 2657 779 2712 nocturno
801 2648 1088 2734 Graiiugenarum

254 2753 433 2839 perspicere
456 2764 494 2817 ut
516 2753 619 2837 possis
641 2774 691 2815 res
713 2764 821 2839 gestas
844 2752 991 2818 funditus
1012 2752 1117 2816 omnis

255 2878 319 2919 uon
342 2855 389 2919 ita
412 2856 462 2919 uti
485 2877 599 2938 corpus
621 2877 678 2940 per
700 2878 733 2919 se
756 2866 901 2919 constare
924 2877 1029 2939 neque
1052 2876 1129 2930 esse,

254 2981 312 3022 nec
335 2958 459 3023 rationo
481 2958 587 3022 cluere
611 2958 724 3022 eadem
746 2980 823 3047 qua·
832 2967 959 3022 constet
980 2957 1087 3031 inane,
1299 2959 1371 3036 480

253 3062 309 3126 sed
332 3062 435 3147 magis
458 3070 496 3125 ut
519 3061 634 3125 merit-o
657 3060 758 3146 possis
780 3070 898 3124 eventa
919 3081 1031 3124 vocare

253 3166 392 3250 corporis
414 3173 512 3249 atquc
535 3164 605 3240 loci,
626 3186 678 3228 res
699 3164 734 3227 in
756 3186 820 3249 quo
842 3185 989 3249 quaeque
1011 3170 1174 3248 gerantur.

297 3269 439 3354 Corpora
460 3278 537 3333 suut
559 3290 652 3353 porro
674 3268 793 3353 partim
815 3266 991 3354 primordia
1013 3288 1130 3341 rerum,

167 3552 262 3600 cannot
277 3550 350 3610 exiet,
364 3548 417 3599 and
433 3547 478 3598 the
493 3547 593 3597 dativae
607 3562 650 3597 are
665 3553 711 3598 not
726 3546 869 3597 consistent
883 3544 947 3597 with
957 3544 1002 3597 the
1011 3544 1138 3609 genitive·
1147 3545 1177 3595 ai
1188 3546 1238 3596 453
1248 3565 1255 3596 :
1273 3545 1367 3598 lamb.

166 3631 241 3682 reads
251 3634 328 3689 saxis,
341 3634 418 3687 calor,
430 3630 534 3692 ianiba’,
548 3632 632 3693 liquor
642 3632 723 3693 aquai
733 3649 739 3679 :
756 3628 803 3679 but
813 3629 889 3679 Isuor.
901 3643 979 3679 never
989 3642 1050 3677 usae
1060 3642 1077 3677 a
1087 3626 1142 3679 aaa
1153 3626 1183 3677 iu
1192 3630 1230 3677 ai.
1318 3630 1370 3679 455

166 3716 273 3764 divitiae
284 3713 307 3762 A
318 3727 383 3762 corr.
395 3712 466 3761 Nice.
479 3712 519 3762 ior
530 3714 624 3762 αἰτίαι.
689 3712 738 3761 458
749 3719 837 3761 ereata
849 3710 893 3760 the
904 3724 976 3760 same
987 3708 1028 3760 ior
1037 3716 1133 3761 eneam
1204 3708 1254 3759 aaa
1265 3710 1369 3760 Itciia·

164 3810 248 3857 perias,
256 3793 304 3846 476
316 3796 455 3852 Troiianis,
464 3795 513 3846 477
526 3795 739 3855 Graiiugenarum
748 3792 828 3842 leon.
838 3791 901 3841 aith
911 3791 935 3841 A
946 3791 1005 3856 (iri
1016 3792 1135 3855 (italiae.
1142 3788 1191 3855 A):
1204 3802 1246 3840 see
1256 3788 1369 3861 Quintil.

166 3877 208 3925 14
224 3876 254 3924 11
269 3875 349 3925 ‘sciat
363 3875 442 3925 etiam
457 3874 573 3925 Ciceroni
587 3874 722 3937 placuisse,
737 3877 791 3925 aiio
806 3876 967 3935 Maiiamque
980 3872 1113 3935 minata
1126 3874 1139 3923 i
1153 3870 1292 3931 sariban'3
1313 3873 1370 3923 and

167 3957 282 4007 Priscian
298 3957 360 4006 inst.
377 3971 415 4005 vn
432 3958 472 4014 19,
489 3955 546 4006 who
562 3954 659 4019 rightly
675 3971 736 4020 says
751 3956 810 4007 that
826 3956 855 4006 iu
872 3955 916 4006 the
933 3954 1017 4007 oldest
1031 3955 1149 4019 aritium
1162 3968 1217 4019 you
1231 3953 1288 4005 und
1302 3957 1373 4005 eiius

166 4041 309 4102 Pompeiias
323 4040 450 4088 Valieiiaa
466 4039 556 4087 Gaiiaa
570 4037 623 4088 and
638 4037 683 4088 the
697 4038 764 4088 like:
784 4038 856 4088 often
871 4053 900 4087 eo
914 4037 944 4087 in
958 4040 1050 4087 extant
1064 4034 1246 4101 inseriptimn
1265 4050 1308 4087 see
1323 4040 1370 4088 too

165 4119 278 4170 Ribbeck
295 4119 359 4181 proi
379 4119 453 4182 Verg.
472 4134 498 4182 p.
517 4120 572 4178 138,
593 4117 755 4170 Studemund
771 4119 864 4168 Rhein.
882 4134 950 4168 mus.
969 4133 1014 4167 xxi
1032 4133 1059 4181 p.
1078 4119 1137 4177 666,
1153 4116 1208 4169 nd
1225 4116 1340 4169 Goesem
1360 4134 1371 4169 1

165 4215 191 4263 p.
204 4202 244 4251 18.
342 4202 390 4254 467
401 4204 508 4265 fremat
518 4202 590 4253 Gott.
604 4200 701 4265 rightly
710 4202 751 4252 ior
760 4203 845 4264 suerii
855 4201 884 4250 oi
892 4201 945 4250 AB.
975 4199 1131 4263 familiae.
1142 4198 1215 4251 Μαι.
1225 4198 1259 4249 ⁸1
1273 4198 1367 4252 camb,

166 4287 214 4333 etc.
312 4283 361 4335 469
379 4285 479 4334 Tmarii
494 4282 544 4333 Ed.
563 4284 603 4334 ior
619 4286 700 4334 terrie.
729 4299 777 4347 per
792 4290 841 4332 reat
856 4281 937 4333 Iraah.
969 4283 1060 4332 saeclis
1074 4281 1153 4333 Bam.
1185 4280 1259 4331 rabac
1272 4280 1369 4331 lamb.

167 4367 241 4417 terna
251 4364 305 4415 and
320 4367 459 4428 leaioaitue
469 4366 544 4416 Wak.
651 4367 702 4415 480
714 4368 796 4417 cluere
811 4366 834 4415 B
849 4379 915 4415 corr.
926 4364 996 4415 Flor.
1009 4363 1042 4413 36
1055 4376 1122 4415 corr.
1133 4362 1224 4415 &mb-
1234 4361 1276 4413 ior
1290 4364 1372 4414 icere.
