2834 4792
720 249 770 315 VI

221 421 256 478 et
278 411 426 478 rarefecit
447 411 552 477 calido
573 411 730 499 gliscente
752 434 878 497 vapore,

221 539 331 583 rursus
352 517 387 581 in
408 517 561 602 antiquas
582 516 720 582 redeunt
742 516 917 602 primordia
938 517 1030 581 sedes

221 621 306 709 ignis
329 629 363 685 et
384 620 420 684 in
442 628 560 685 terram
587 619 674 683 cedit
696 618 781 683 calor
803 619 906 683 omnis
928 620 1033 705 aquai.

222 724 360 811 frigidus
382 723 465 787 hanc
487 722 528 786 ob
550 743 619 786 rem
642 721 681 786 fit
704 721 773 786 fons
794 721 829 786 in
852 722 923 787 luce
945 722 1069 788 diurna

225 835 394 912 praeterea
415 825 490 890 solis
512 825 610 889 radiis
632 824 773 889 iactatur
794 826 891 910 aquai

225 954 318 995 umor
340 931 432 996 etin
455 931 560 995 lucem
583 929 722 995 tremulo
744 930 876 995 rarescit
898 930 940 994 ab
962 938 1073 1011 aestu,

223 1044 394 1119 propterea
415 1032 454 1097 fit
477 1032 527 1096 uti
550 1054 632 1117 quae
655 1032 779 1096 semina
801 1055 939 1119 cumque
962 1034 1062 1099 habet
1084 1034 1169 1122 ignis

226 1136 392 1215 dimittat3
422 1136 514 1221 quasi
537 1157 632 1221 saepe
654 1135 773 1223 gelum,
795 1136 883 1221 quod
904 1137 1050 1202 continet
1073 1137 1109 1202 in
1131 1161 1175 1215 se,

226 1241 331 1306 mittit
355 1251 389 1306 et
411 1241 532 1306 exolvit
553 1240 690 1328 glaciem
712 1240 875 1325 nodosque
898 1241 1029 1306 relaxat.

269 1343 422 1429 Frigidus
445 1351 494 1407 est
517 1343 617 1407 etiam
640 1342 719 1418 fons,
741 1363 839 1427 supra
860 1363 958 1426 quem
980 1342 1045 1407 sita
1065 1365 1163 1429 saepe

224 1453 345 1531 stuppa
367 1445 444 1510 iacit
465 1444 630 1509 flammam
653 1454 807 1529 concepto
829 1445 976 1529 protinus
998 1446 1076 1532 igni,

225 1550 385 1635 taedaque
408 1549 565 1614 consimili
588 1550 714 1614 ratione
737 1571 870 1614 accensa
892 1571 950 1634 per
971 1550 1074 1615 undas

225 1653 381 1730 conlucet,
404 1675 606 1738 quocumque
630 1661 746 1716 natans
768 1652 949 1738 impellitur
969 1654 1065 1719 auris.

226 1755 379 1820 nimirum
403 1757 479 1841 quia
501 1766 578 1821 sunt
601 1756 636 1820 in
658 1779 743 1842 aqua
765 1756 928 1841 permulta
949 1757 1076 1841 vaporis

226 1860 350 1924 semina
372 1859 412 1924 de
435 1868 584 1945 terraque
608 1867 768 1924 necessest
790 1859 938 1923 funditus
959 1859 1031 1945 ipsa

227 1963 311 2049 ignis
333 1985 464 2048 corpora
486 1984 544 2049 per
565 1971 672 2027 totum
696 1984 886 2049 consurgere
909 1963 1032 2027 fontem

228 2075 262 2132 et
283 2067 380 2132 simul
403 2067 564 2153 exspirare
588 2069 672 2133 foras
695 2067 905 2152 exireque'in
927 2089 1030 2144 auras,

229 2192 293 2234 non
315 2171 364 2234 ita
386 2170 491 2235 multa
512 2179 631 2247 tamen,
653 2170 776 2234 calidus
799 2178 898 2253 queat
920 2177 959 2233 ut
981 2169 1051 2233 fieri
1074 2169 1153 2247 fons,

228 2282 399 2358 propterea
421 2273 565 2359 dispersa
588 2273 671 2337 foras
693 2295 861 2358 erumpere
885 2272 971 2359 cogit

230 2375 278 2439 vis
300 2397 358 2461 per
379 2398 497 2462 aquam
520 2375 628 2440 subito
651 2397 843 2460 sursumque
866 2397 904 2439 ea
927 2374 1097 2441 conciliari.

230 2478 315 2565 quod
338 2502 440 2565 genus
464 2480 546 2544 endo
569 2479 682 2544 marist
705 2479 806 2542 Aradi
829 2479 907 2555 fons,
929 2479 1032 2543 dulcis
1055 2479 1151 2564 aquai

230 2582 288 2667 qui
309 2583 406 2647 scatit
428 2592 462 2647 et
484 2583 582 2647 salsas
606 2583 725 2646 circum
747 2606 782 2647 se
805 2582 949 2647 dimovet
973 2582 1094 2661 undas;

231 2695 264 2750 et
288 2688 400 2751 multis
422 2688 495 2751 aliis
517 2687 652 2772 praebet
675 2686 860 2773 regionibus
883 2709 1002 2772 aequor

232 2789 410 2854 utilitatem
434 2799 648 2875 opportunam
671 2791 851 2855 sitientibu'
874 2790 993 2865 nautia,

232 2892 318 2977 quod
341 2893 443 2957 dulcis
465 2894 551 2959 inter
573 2894 672 2958 salsas
695 2895 882 2959 intervomit
905 2894 1017 2959 undas.

232 2994 277 3059 sic
301 2996 402 3082 igitur
424 3019 481 3081 per
503 3020 578 3061 eum
602 3007 737 3082 possunt
759 3019 926 3082 erumpere
952 2997 1075 3062 fontem
1285 3002 1345 3082 895

233 3106 266 3162 et
289 3107 411 3163 scatere
433 3098 489 3163 illa
511 3100 603 3176 foras,
627 3099 662 3162 in
684 3108 837 3185 stuppam
860 3098 983 3163 semina
1005 3122 1090 3185 quae
1113 3122 1187 3164 cum

147 3260 213 3310 after
224 3259 291 3308 Bede
302 3260 341 3308 for
354 3263 450 3310 laticis:
468 3261 559 3310 Lamb.
572 3265 615 3310 too
627 3262 725 3311 notices
741 3261 762 3309 it
774 3261 802 3309 in
813 3264 896 3312 notes.
932 3276 1044 3323 saporem
1060 3261 1150 3313 Lamb.
1166 3261 1206 3310 lor
1222 3277 1351 3326 vaporem:

145 3358 162 3393 a
173 3356 309 3404 necessary
320 3341 426 3405 change,
438 3342 537 3404 though
548 3343 617 3391 Bede
629 3343 683 3392 also
694 3343 743 3392 has
754 3358 875 3406 uaporem.
1036 3344 1084 3395 870
1095 3345 1213 3406 gliscente
1224 3344 1300 3395 Wak.
1312 3347 1353 3396 for

147 3427 270 3485 miscente,
288 3425 429 3485 ‘eleganter
441 3427 465 3474 et
477 3425 550 3473 vere’
562 3440 621 3488 says
633 3425 711 3475 Lach.
813 3427 861 3476 877
872 3428 996 3476 Dimittat
1007 3426 1096 3478 (lamb.
1111 3427 1151 3476 ior
1162 3430 1298 3478 Domitiat.

180 3508 229 3557 878
239 3508 363 3570 nodosque
374 3507 432 3556 Vat.
445 3507 508 3557 3276
520 3508 591 3557 Mon.
608 3508 661 3572 (not
673 3507 740 3558 Flor.
756 3507 796 3572 31)
810 3509 885 3557 Pont.
897 3508 955 3558 Ald.
968 3509 982 3557 1
995 3508 1125 3559 Candidus
1136 3512 1163 3559 at
1175 3511 1227 3560 end
1238 3513 1266 3561 oi
1277 3512 1351 3562 Junt.

149 3588 188 3637 ior
199 3590 328 3651 notosque.
364 3603 485 3652 novosque
496 3589 518 3637 A
530 3603 594 3638 corr.
628 3604 751 3652 senosque
763 3590 831 3639 Flor.
848 3591 878 3639 31
891 3590 981 3639 (lamb.
994 3593 1009 3639 3
1021 3590 1080 3641 Vat.
1094 3590 1159 3641 Mar.
1174 3591 1249 3644 tunt.

182 3669 229 3720 879
240 3671 360 3730 Frigidus
371 3668 439 3719 Flor.
454 3670 485 3717 31
498 3669 585 3719 Camb.
602 3668 672 3720 Mon.
687 3668 745 3718 Ver.
758 3670 821 3720 Ven.
836 3669 875 3718 ior
881 3671 975 3732 frigas.
1042 3673 1092 3723 887
1103 3673 1162 3721 Nou
1173 3674 1212 3721 ito
1222 3675 1304 3723 malta
1315 3673 1352 3723 Is.

150 3749 223 3799 Voss.
236 3749 264 3798 in
275 3765 325 3799 ms,
337 3754 412 3799 notes
422 3752 462 3799 ior
473 3753 531 3800 Non
541 3753 581 3800 ita
592 3753 689 3800 muita:
707 3751 807 3813 though
819 3752 928 3800 Havero.
940 3752 1013 3800 knew
1025 3752 1053 3802 oi
1069 3752 1131 3814 this,
1145 3753 1248 3803 neither
1260 3755 1293 3804 he
1304 3771 1352 3805 nor

149 3845 201 3895 any
213 3832 296 3882 editor
307 3833 392 3882 before
403 3833 483 3882 Lach.
493 3832 604 3895 adopted
615 3833 643 3883 it.
675 3834 733 3883 Nou
742 3841 794 3882 tom
804 3837 859 3882 viia
870 3833 942 3882 Nico.
969 3837 1027 3883 Noa
1036 3843 1087 3884 tam
1097 3837 1177 3884 maiia
1189 3836 1264 3887 Pont.
1295 3838 1353 3886 Non

150 3920 202 3963 iam
212 3918 272 3963 viva
283 3915 351 3977 vulg.
450 3917 498 3965 888
509 3916 645 3978 Propterea
657 3916 737 3964 Lach.
749 3915 788 3964 ior
798 3918 943 3965 Praeterea.
1042 3918 1090 3967 890
1101 3921 1191 3967 amrist
1202 3921 1287 3968 Aradi
1293 3922 1352 3984 soris

148 3996 224 4046 Bern.
239 3997 319 4046 Lach.
331 3997 372 4046 ior
382 4000 458 4046 moris
474 4005 552 4060 porat
566 4000 640 4061 foris:
657 3997 783 4046 aoertain
800 3998 950 4056 correction,
963 4013 992 4047 as
1007 3999 1030 4047 A
1045 3997 1129 4049 andB
1146 3999 1214 4049 have
1224 4001 1289 4050 each
1299 4001 1352 4052 this

150 4077 262 4139 heading
276 4078 322 4127 ‘de
333 4078 405 4128 fonte
417 4078 489 4128 aradi
501 4079 529 4127 in
541 4079 633 4128 mare'.
667 4081 731 4128 utari
743 4081 841 4128 Asudio
847 4082 907 4142 sous
919 4079 953 4130 Is.
968 4080 1041 4131 Voss.
1055 4080 1085 4129 in
1096 4095 1145 4132 ms.
1159 4085 1245 4132 notes.
1287 4085 1353 4134 avari

148 4161 230 4222 spirat
236 4161 295 4221 sous
306 4160 374 4209 Flor.
387 4162 418 4210 31
431 4161 520 4210 Camb.
533 4160 598 4209 Mar.
611 4163 659 4210 etc.
758 4163 806 4212 889
817 4162 951 4211 cmwiliari
962 4161 1054 4210 Lamb.
1066 4163 1107 4210 ior
1118 4165 1265 4214 saniliare.

182 4242 230 4290 892
238 4241 341 4302 praebet
352 4241 420 4290 Flor.
435 4243 466 4290 31
478 4242 568 4290 Camb.
581 4241 646 4291 Mar.
658 4241 731 4291 Junt.
744 4242 784 4290 ior
790 4250 902 4304 praeter.
985 4245 1033 4294 894
1045 4245 1126 4293 dulcis
1137 4244 1207 4294 Flor.
1220 4247 1252 4295 31
1264 4246 1352 4298 Gamb.

148 4321 207 4370 Ver.
220 4323 285 4372 Ven.
296 4324 336 4372 ior
347 4325 436 4373 dulcit.
566 4327 614 4376 896
626 4341 689 4388 qaae
701 4325 766 4374 Ven.
779 4328 835 4388 (que
847 4340 909 4375 mss.
920 4325 992 4375 Brix.
1004 4326 1073 4388 Ver.)
1086 4324 1183 4390 rightly
1193 4329 1311 4380 retained
1320 4329 1353 4394 by

149 4404 182 4452 N.
194 4404 222 4453 P.
235 4404 348 4454 Howard
358 4405 416 4454 who
427 4409 536 4454 correcto
547 4405 590 4454 old
600 4406 781 4468 punctuation.
814 4422 863 4469 quo
874 4407 966 4457 Lamb.
977 4407 1052 4469 vulgo
1063 4407 1143 4460 Laoh.
