2834 4792
688 248 706 312 I

171 410 294 497 partim
314 410 448 477 concilio
469 432 553 497 quae
574 419 724 477 constant
747 411 984 497 principiorum.

171 514 229 579 sed
251 536 334 599 qnae
355 524 433 579 snut
454 536 563 579 rerum
585 514 769 601 primordia,
791 515 882 579 nulla
904 523 1011 600 potest
1033 514 1082 578 vis

172 617 356 705 stinguere;
383 639 459 682 nam
481 616 583 683 solido
604 618 739 683 vincunt
761 640 801 683 ea
822 640 951 703 corpore
974 617 1113 682 demum.

173 720 235 787 etsi
255 720 385 787 difficile
406 742 476 787 esse
498 720 629 787 videtur
649 720 779 787 medere
801 722 974 807 quicquam

173 825 208 889 in
228 824 325 891 rebus
346 825 447 891 solido
468 826 603 911 reperiri
624 848 753 913 corpore
776 848 875 912 posse.

173 928 289 995 transit
311 929 398 994 enim
421 929 546 995 fulmen
567 930 648 995 caeli
670 952 728 1016 per
748 940 862 1015 saepta
883 930 1059 1006 domorum,

171 1032 289 1098 clamor
309 1042 348 1099 ut
370 1056 407 1098 ac
431 1055 542 1113 voces;
571 1034 691 1099 ferrum
713 1034 876 1098 candescit
898 1035 932 1098 in
955 1034 1023 1119 igni

172 1136 397 1222 dissiliuntque
420 1136 486 1201 fero
508 1136 667 1201 ferventia
688 1158 764 1200 saxa
787 1158 923 1222 vapore,

172 1247 244 1303 tum
266 1239 478 1305 labefactatus
500 1240 586 1327 rigor
606 1239 678 1304 auri
699 1240 835 1304 solvitur
856 1249 969 1319 aestu3

172 1352 243 1408 tum
265 1344 384 1431 glacies
405 1344 489 1409 aeris
510 1344 641 1409 flamma
663 1344 792 1409 devicta
814 1344 982 1429 liquescit;

170 1455 339 1531 permanat
361 1448 446 1512 calor
466 1457 638 1534 argentum
660 1447 889 1533 penetraleque
912 1447 1022 1533 frigus,

171 1550 299 1634 quando
321 1558 497 1636 utrumque
519 1572 619 1615 manu
641 1550 820 1615 retinentes
842 1549 959 1634 pocula
980 1550 1041 1613 rite

170 1653 329 1717 sensimus
351 1653 457 1718 infuso
479 1654 684 1741 lympharum
706 1676 776 1719 rore
799 1676 944 1739 superne.

170 1778 271 1841 usque
294 1756 374 1822 adeo
396 1756 431 1821 in
453 1757 549 1821 rebus
571 1758 665 1821 solidi
688 1758 735 1822 nil
757 1779 827 1822 esse
851 1758 989 1822 videtur.

169 1856 225 1922 sed
246 1859 324 1947 quia
345 1882 420 1925 vera
442 1868 553 1924 tamen
575 1861 658 1925 ratio
682 1870 862 1945 naturaque
885 1882 992 1925 rerum

169 1961 263 2047 cogit,
285 1962 371 2038 ades,
392 1962 504 2047 paucis
526 1962 605 2026 dum
627 1963 772 2027 versibus
795 1961 1003 2048 expediamus

168 2086 237 2128 esse
259 2084 402 2151 eaquae
424 2064 526 2130 solido
547 2074 646 2151 atque
669 2076 800 2130 aeterno
822 2086 951 2151 corpore
974 2073 1129 2137 constent,

143 2167 290 2232 'semina
311 2190 394 2253 quae
416 2191 523 2234 rerum
545 2169 782 2254 primordiaque
805 2190 873 2233 esse
895 2168 1055 2242 docemus,

169 2271 255 2337 unde
277 2273 382 2338 omnis
404 2296 511 2339 rerum
534 2296 620 2337 nunc
643 2282 769 2337 constet
791 2294 918 2336 summa
941 2280 1054 2336 creata.

211 2376 374 2462 Principio
396 2376 549 2462 quoniam
572 2376 692 2461 duplex
715 2384 832 2440 natura
855 2376 990 2439 duarum

167 2478 331 2543 dissimilis
352 2501 460 2544 rerum
484 2479 579 2565 longe
601 2488 746 2542 constare
768 2487 936 2563 repertast,

167 2581 305 2666 corporis
326 2590 426 2667 atque
449 2581 519 2657 loci,
541 2604 591 2645 ros
614 2582 648 2645 in
671 2604 733 2666 quo
756 2603 902 2666 quaeque
924 2591 1090 2667 geruntur,

166 2708 235 2751 esse
256 2694 429 2773 utramque
450 2686 513 2750 sibi
536 2707 593 2771 per
615 2707 649 2750 se
671 2708 850 2771 puramque
873 2696 1039 2750 necessest.

165 2813 241 2855 nam
263 2812 466 2877 quacumque
489 2798 583 2854 vacat
605 2790 757 2875 spatium,
780 2790 866 2875 quod
889 2790 984 2854 inane
1009 2812 1169 2863 vocamus,

164 2918 279 2981 corpus
301 2917 426 2959 canon
449 2904 518 2973 cst;
548 2918 612 2981 qua
634 2918 727 2981 porro
750 2919 888 2982 cumque
911 2905 1002 2961 tenet
1025 2918 1057 2960 sc

164 3019 286 3083 corpus
309 3020 348 3062 ea
369 3020 508 3062 vacuum
530 3020 733 3083 nequaquam
757 3006 883 3062 constat
905 2998 1008 3062 inane.

163 3108 241 3165 sunt
263 3100 364 3186 igitur
386 3099 486 3164 solida
508 3122 545 3163 ac
567 3101 637 3164 sinc
660 3101 749 3164 inani
771 3123 902 3187 corpora
924 3103 1035 3186 prima.

163 3212 333 3288 praeterea
355 3204 507 3289 quoniam
529 3204 650 3289 genitis
672 3205 707 3268 in
730 3205 825 3269 rebus
848 3204 985 3280 inanest,

163 3306 332 3371 materiem
355 3306 474 3371 circum
497 3306 632 3371 solidam
655 3316 801 3371 constare
823 3316 993 3381 necessest,

162 3431 295 3475 necros
318 3410 385 3476 ulla
406 3420 514 3496 potest
536 3433 613 3475 vera
635 3411 760 3476 ratione
782 3411 910 3497 probari

162 3535 292 3601 corpore
313 3515 410 3579 inane
431 3537 489 3579 suo
512 3515 614 3580 colare
637 3522 736 3600 atque
759 3515 848 3580 intus
872 3516 997 3591 habere,

161 3617 190 3681 si
211 3640 286 3694 non,
308 3618 394 3703 quod
416 3618 555 3694 cohibet,
577 3617 716 3682 solidum
739 3630 883 3682 constare
906 3619 1074 3704 relinquas.
1214 3632 1273 3699 515

161 3716 195 3781 id
216 3739 309 3803 porro
331 3718 378 3781 nil
401 3740 471 3783 esse
493 3726 603 3804 potest
623 3718 687 3783 nisi
710 3719 858 3784 materiai

71 3915 282 3967 comutANico.
315 3916 529 3970 comtatBGott.
614 3918 845 3980 484quachorr.
859 3918 946 3967 Camb.
959 3918 1144 3980 cornforqua.
1227 3918 1274 3967 486

72 4000 207 4061 scincum
218 3998 272 4047 AB.
305 3998 434 4061 Smupere
444 3998 468 4047 A
478 4012 543 4048 corr.
554 3997 624 4048 Nico.
637 3998 689 4048 and
701 3998 737 4048 all
747 3999 813 4048 later
822 4013 884 4048 mss.
896 3999 949 4049 and
960 3999 1012 4048 eds.
1024 3998 1110 4048 before
1120 3997 1212 4048 Locha
1229 3998 1274 4048 but

71 4079 142 4129 Flor.
159 4081 192 4130 30
206 4078 257 4130 has
272 4080 406 4142 8111911111
421 4080 450 4129 in
465 4094 547 4142 marg.
646 4081 694 4132 489
710 4083 808 4143 sulm
824 4082 847 4129 A
863 4095 928 4130 corr.
945 4080 968 4128 B
984 4095 1047 4130 corr.
1064 4080 1135 4129 Nico.
1153 4094 1217 4129 corr.
1235 4081 1275 4129 for

70 4162 173 4223 fluum.
204 4158 287 4211 Lech.
304 4160 436 4223 strangely
451 4159 526 4210 reads
542 4162 645 4223 ecclam,
660 4176 689 4225 p.
707 4176 728 4210 s.
745 4162 871 4210 dormiam
889 4163 971 4219 0111,
989 4175 1017 4209 as
1033 4159 1055 4209 if
1070 4158 1115 4209 the
1131 4160 1178 4218 air,
1190 4159 1242 4208 like
1258 4174 1274 4208 a

72 4244 148 4290 stone
161 4238 229 4300 111111,
240 4253 305 4291 wera
318 4254 335 4289 a
348 4238 416 4303 good
430 4239 548 4291 instance
563 4240 592 4290 ol
606 4254 623 4290 a
636 4254 698 4304 very
709 4240 776 4290 solid
789 4241 880 4302 thing:
897 4240 933 4291 all
944 4255 1005 4290 mss.
1019 4239 1085 4289 have
1095 4240 1161 4288 coeli
1172 4238 1225 4289 and
1235 4246 1273 4289 ut.

71 4337 102 4371 ac
118 4321 215 4372 Arana.
232 4320 405 4371 1111111111.
515 4322 562 4373 491
575 4323 705 4385 seruantia
722 4323 787 4373 Mar.
805 4322 879 4372 sunt.
897 4322 948 4372 and
964 4322 1053 4372 Iramb.
1073 4321 1113 4372 ed.
1132 4322 1146 4369 1
1163 4321 1203 4371 for
1219 4323 1273 4385 ser·

71 4403 151 4452 venti.
276 4402 325 4455 492
337 4408 389 4451 tum
399 4401 470 4452 Bria.
482 4402 540 4453 Ver.
555 4402 618 4453 Van.
630 4403 743 4454 lorcam.
869 4404 916 4454 500
928 4403 1071 4454 conruutB
1086 4418 1151 4453 corr.
1163 4404 1203 4453 for
1217 4418 1272 4453 cou-
