2834 4792
697 218 747 284 IV

196 382 338 470 prodita
359 380 489 447 iudiciis
510 380 678 447 fallacibus
699 380 808 445 omnia
829 379 950 465 primis,

195 488 252 553 sic
274 488 379 575 igitur
399 486 484 552 ratio
505 485 568 552 tibi
591 507 698 550 rerum
719 506 820 571 prava
840 494 1001 549 necessest

196 592 353 676 falsaque
374 590 427 667 sit,
449 588 538 654 falsis
559 609 782 675 quaecumque
804 586 846 651 ab
868 587 1017 652 sensibus
1039 596 1149 653 ortast.

251 694 352 759 Nunc
373 692 431 757 alii
452 714 650 777 sensusque
672 699 768 777 pacto
790 690 927 777 quisque
949 714 1041 756 suam
1064 714 1132 756 rem

192 797 338 874 sentiat,
359 794 609 881 haudquaquam
633 794 716 858 ratio
738 816 889 879 scruposa
910 793 1023 859 relicta
1045 806 1102 859 est.

251 898 415 987 Principio
437 897 568 964 auditur
590 919 686 962 sonus
709 906 743 961 et
766 919 828 962 vox
851 896 963 975 omnis,
985 898 1020 961 in
1042 897 1129 962 auris

198 1002 376 1068 insinuata
397 1024 456 1067 suo
477 1000 631 1088 pepulere
653 1001 711 1065 ubi
733 1022 863 1086 corpore
885 1022 1025 1065 sensum.

200 1128 393 1193 corpoream
415 1128 518 1172 uocem
539 1126 667 1191 quoqne
689 1104 776 1169 enim
799 1113 944 1168 constare
967 1104 1167 1169 fatendumst

202 1220 244 1277 et
267 1211 421 1289 sonitum,
442 1209 594 1297 quoniam
616 1218 752 1296 possunt
775 1207 930 1293 inpellere
952 1230 1071 1273 sensns

202 1324 379 1402 praeterea
400 1314 486 1379 radit
509 1336 570 1378 vox
593 1315 700 1378 fauces
722 1334 816 1397 saepe
840 1312 981 1396 facitque

204 1418 372 1504 asperiora
393 1418 476 1483 foras
497 1416 648 1503 gradiens
670 1415 790 1480 arteria
811 1414 937 1479 clamor.

208 1522 333 1608 quippe
354 1529 609 1606 perangustum
633 1520 731 1584 turba
753 1517 872 1583 maiore
895 1528 1003 1583 coorta

209 1626 258 1690 ire
280 1625 364 1691 foras
386 1624 443 1689 ubi
464 1632 640 1709 coeperunt
661 1623 836 1709 primordia
858 1645 982 1699 vocum,

212 1727 335 1793 scilicet
357 1726 479 1813 expleti
502 1749 629 1812 quoque
652 1728 750 1791 ianua
771 1726 896 1790 raditur
918 1726 989 1791 oris.

212 1830 300 1896 haud
322 1830 425 1917 igitur
445 1829 614 1895 dubiumst
636 1829 716 1915 quin
737 1851 830 1893 voces
852 1829 1012 1914 verbaque
1035 1836 1184 1893 constent

212 1932 370 2020 corporeis
393 1955 411 1997 e
434 1931 609 2018 principiis,
631 1940 670 1995 ut
692 1930 819 1995 laedere
841 1931 974 2016 possint.

212 2060 271 2101 nec
293 2044 328 2102 te
351 2036 434 2101 fallit
456 2036 639 2121 item-quid
661 2035 801 2120 corporis
823 2036 949 2099 auferat
972 2045 1006 2100 et
1029 2035 1107 2120 quid

213 2140 363 2205 detrahat
385 2162 425 2204 ex
448 2138 615 2204 hominum
637 2139 745 2203 nervis
767 2161 804 2203 ac
826 2139 948 2203 viribus
970 2140 1049 2225 ipsis

213 2251 389 2329 perpetuus
410 2264 515 2307 sermo
537 2242 643 2329 nigrai
664 2242 768 2307 noctis
791 2242 832 2306 ad
855 2243 1003 2307 umbram

213 2369 346 2412 aurorae
368 2347 544 2432 perductus
566 2346 607 2410 ab
630 2347 796 2411 exoriente
819 2347 932 2423 nitore,

212 2451 402 2537 praesertim
424 2449 453 2514 si
475 2472 548 2514 cum
572 2457 728 2513 summost
751 2450 888 2514 clamore
910 2452 1066 2534 profusus.

213 2577 289 2642 ergo
312 2575 494 2640 corpoream
517 2575 627 2617 vocem
651 2562 796 2617 constare
820 2565 987 2629 necessest,

213 2660 319 2724 multa
341 2658 475 2743 loquens
497 2657 649 2743 quoniam
671 2657 797 2722 amittit
820 2658 859 2722 de
882 2679 1011 2743 corpore
1034 2666 1168 2741 partem.

103 2744 185 2825 551
213 2763 371 2848 asperitas
393 2769 505 2826 autem
528 2761 614 2825 vocis
637 2761 674 2825 fit
697 2761 738 2825 ab
760 2761 936 2846 asperitate
959 2768 965 2779 ’

212 2865 445 2953 principiorum
468 2864 605 2929 etitem
628 2864 716 2929 levor
738 2864 842 2928 levore
866 2873 999 2928 creatur.

10 3040 12 3045 ,
103 2952 188 3035 542
212 2992 273 3036 nec
295 2969 394 3034 simili
417 2976 590 3055 penetrant
613 2968 699 3033 auris
721 2967 895 3053 primordia
917 2969 1026 3044 forma,

213 3097 287 3139 cum
310 3072 392 3138 tuba
413 3070 563 3157 depresso
585 3071 728 3158 graviter
749 3069 810 3134 sub
832 3093 997 3135 murmure
1020 3069 1127 3157 mugit
1269 3087 1326 3154 545

213 3186 248 3242 et
269 3174 382 3241 reboat
404 3196 538 3240 raucum
559 3174 648 3259 regio
671 3173 736 3238 cita
757 3173 893 3237 barbara
915 3173 1078 3249 bombum,

98 3356 200 3446 Jullt.
213 3395 253 3444 for
260 3408 354 3458 parca.
496 3392 545 3442 526
555 3408 637 3442 uocem
651 3407 702 3441 om.
713 3392 758 3441 AB
769 3391 838 3442 Nice.
850 3411 856 3442 :
872 3391 969 3454 rightly
980 3391 1093 3441 inserted
1104 3392 1138 3455 by
1149 3393 1227 3444 Lacln
1243 3393 1329 3442 before

99 3456 222 3537 Μαίη
234 3476 311 3525 enim:
328 3474 398 3523 Flor.
410 3473 442 3522 31
454 3473 543 3523 (lamb.
556 3474 623 3535 vulg.
638 3473 711 3536 place
721 3472 742 3522 it
754 3473 827 3522 aiter.
958 3474 1006 3521 528
1016 3474 1150 3522 Praeterea
1161 3475 1232 3523 radit
1243 3474 1266 3521 A
1277 3473 1330 3523 and

100 3524 228 3607 Gellius
238 3571 256 3607 x
266 3558 307 3618 26,
320 3570 369 3606 one
379 3555 438 3607 Vct
452 3556 529 3606 Pont.
542 3555 639 3605 Avanc.
651 3554 755 3618 rightly.
779 3556 917 3618 Propterea
923 3557 993 3603 redit
1001 3555 1031 3604 B.
1057 3556 1162 3605 Praeter
1173 3559 1244 3606 radit
1255 3556 1325 3606 Nica.

97 3617 171 3677 ⁰¹¹0
194 3640 252 3692 Vat.
270 3639 329 3689 Ver.
346 3637 411 3687 Van.
427 3636 531 3686 whence
546 3638 652 3707 f'reeter
667 3638 737 3686 radit
753 3641 819 3686 enim
832 3636 901 3685 Flor.
917 3637 949 3685 31
965 3637 1053 3686 (lamb.
1072 3640 1087 3686 3
1103 3638 1161 3688 Vat.
1176 3639 1248 3688 Brix.
1265 3638 1329 3688 Mar.

98 3682 238 3784 hlangier.
249 3722 319 3785 vulg.
350 3723 459 3771 Praeter·
469 3722 535 3770 euim
545 3722 617 3769 rudit
628 3719 701 3768 Junt.
831 3720 878 3768 532
890 3721 984 3781 expleti
995 3719 1074 3770 Iracln
1090 3720 1129 3769 for
1140 3723 1253 3782 expletis,
1268 3719 1330 3769 thus

97 3776 224 3863 3²¹1¹1ny
232 3799 338 3862 healing
348 3815 365 3850 a
377 3799 509 3862 desperate
520 3815 637 3863 passage.
670 3802 772 3850 raditur
783 3800 805 3848 Β
816 3799 929 3849 Politian
940 3799 968 3849 in
976 3814 1057 3863 marg.
1066 3800 1135 3850 Flor.
1145 3803 1188 3852 29:
1208 3804 1330 3863 (creditur

96 3856 134 3933 Ψ
153 3872 241 3945 text).
275 3881 504 3943 rediturANicc.;
520 3882 602 3932 hence
614 3884 730 3932 redditur
740 3883 808 3931 Flor.
822 3882 853 3931 31
865 3882 955 3931 (lamb.
967 3883 1034 3945 vulg.
1046 3883 1099 3932 and
1110 3887 1136 3933 lo
1148 3883 1204 3946 give
1215 3900 1231 3934 a
1242 3900 1328 3934 mean-

95 3936 165 4010 ¹¹¹8
184 3966 212 4013 io
222 3962 267 4015 the
277 3978 392 4025 passage,
405 3963 471 4014 Mar.
483 3963 557 4013 dunt.
570 3963 621 4013 add
632 3979 648 4013 a
659 3978 732 4012 verse
747 3966 837 4014 Rauca
851 3967 911 4025 viis,
929 3971 953 4013 et
968 3966 1018 4014 iter
1031 3966 1119 4023 laedit,
1135 3981 1186 4029 qua
1201 3981 1249 4016 voa
1264 3971 1287 4017 it
1301 3971 1328 4018 ia

96 4022 219 4103 “nv-„3
233 4045 332 4095 Avanc.
347 4044 439 4106 taking
453 4047 505 4094 orie
520 4059 550 4096 as
565 4060 581 4095 a
595 4045 663 4107 plur.
680 4044 742 4094 thus
757 4047 848 4095 Rauca
862 4048 915 4094 suis
932 4053 957 4095 et
971 4047 1020 4095 iter
1034 4047 1118 4096 reddit
1133 4062 1184 4110 quc
1200 4063 1247 4098 vox
1263 4052 1286 4098 it
1302 4053 1331 4100 iu

98 4104 215 4223 {fir-a.
343 4128 392 4177 sea
402 4128 451 4178 543
461 4127 518 4193 (551
530 4129 590 4189 ssa)
599 4128 696 4191 rightly
702 4127 792 4192 puceu
804 4128 865 4178 nere
876 4128 909 4190 by
915 4128 1006 4178 namu.
1019 4128 1085 4178 first.
1216 4132 1264 4181 543
1277 4134 1330 4184 evo

101 4192 215 4302 htfore
224 4206 279 4255 ΑΒ.
312 4206 543 4257 leublerorelldar.
557 4205 729 4258 Ald1Junt.
765 4209 850 4256 laevor
861 4209 958 4256 laevore
969 4205 1060 4255 Lamb.
1147 4207 1331 4261 dismanare

105 4328 125 4379 b
134 4272 203 4335 ¹501.
212 4284 286 4337 Puni.
297 4286 364 4339 Mar.
377 4286 436 4338 Alo.
449 4288 463 4336 1
475 4287 550 4338 lunt.
562 4288 603 4337 for
613 4302 748 4337 murmura.
880 4287 928 4336 546
938 4290 974 4336 Et
984 4289 1071 4337 reboat
1081 4302 1185 4338 raucum
1196 4293 1264 4353 rapio
1279 4295 1331 4342 citu

126 4358 237 4418 “vlam
250 4366 333 4421 Iaca
352 4368 394 4419 for
413 4370 452 4419 Et
467 4375 569 4419 reborat
584 4383 689 4419 raucum
704 4376 771 4419 retro
787 4370 841 4418 cita
858 4369 977 4417 barbara:
1001 4366 1045 4417 the
1062 4368 1133 4418 older
1149 4369 1269 4433 readings
1288 4386 1332 4423 are

213 4466 249 4515 m
1203 4456 1243 4516 12
