2834 4792
666 253 695 318 V

167 424 241 502 post
262 415 319 481 ubi
341 439 435 482 ecum
457 416 582 482 validae
604 415 688 481 vires
709 425 819 482 aetate
841 425 971 482 senecta

168 520 375 606 membraque
397 521 554 587 deficiunt
576 520 716 608 fugienti
738 520 893 607 languida
914 520 991 596 vita,

168 632 240 689 tum
261 623 394 688 demum
415 646 516 710 puero
537 623 586 688 illi
607 645 686 689 aevo
708 623 844 689 florente
866 623 1016 688 iuventas

167 727 284 814 occipit
306 736 340 793 et
363 727 450 792 molli
474 727 573 793 vestit
595 727 748 814 lanugine
770 727 878 793 malas

168 852 211 894 ne
231 831 312 896 forte
334 854 374 896 ex
397 831 526 896 homine
549 840 584 896 et
606 831 750 896 veterino
772 831 895 896 semine
918 854 1072 917 equorum

168 933 297 999 confieri
319 935 429 1000 credas
452 934 631 1000 Centauros
653 957 745 1021 posse
767 957 872 1020 neque
894 957 971 1012 esse,

167 1044 227 1101 aut
248 1035 369 1102 rabidis
390 1037 524 1103 canibus
545 1038 725 1103 succinctas
745 1038 964 1103 semimarinis.

167 1139 351 1224 corporibus
373 1139 496 1226 Scyllas
518 1149 553 1206 et
574 1148 683 1206 cetera
704 1141 744 1206 de
766 1163 883 1228 genere
906 1141 1030 1218 horum,

168 1242 255 1307 inter
274 1265 309 1308 se
331 1265 467 1329 quorum
489 1244 647 1310 discordia
669 1245 814 1310 membra
835 1245 1000 1326 videmus;

166 1369 251 1433 quae
272 1369 377 1434 neque
399 1348 572 1414 florescunt
593 1349 716 1434 pariter
738 1371 797 1414 nec
818 1349 933 1415 robora
954 1359 1088 1415 sumunt

167 1450 352 1535 corporibus
373 1473 479 1538 neque
500 1452 662 1537 proiciunt
684 1460 792 1517 aetate
813 1462 943 1518 senecta

167 1574 227 1617 nec
249 1553 347 1619 simili
369 1555 496 1620 Venere
518 1556 689 1621 ardescunt
711 1578 772 1622 nec
794 1555 937 1621 moribus
959 1555 1033 1621 unis

167 1659 373 1738 conveniunt,
394 1681 499 1745 neque
521 1667 599 1724 sunt
621 1659 732 1725 eadem
755 1659 897 1724 iucunda
918 1681 976 1745 per
997 1668 1094 1725 artus

167 1761 288 1847 quippe
310 1762 418 1828 videre
441 1762 517 1828 licet
539 1762 748 1849 pinguescere
770 1783 866 1848 saepe
888 1761 995 1827 cicuta

166 1863 351 1951 barbigeras
373 1866 520 1952 pecudes,
543 1865 667 1930 homini
688 1886 771 1951 quae
794 1873 844 1929 est
866 1886 938 1929 ecre
960 1887 1130 1930 venenum.

167 1966 299 2034 flamma
320 1969 452 2056 quidem
474 1992 544 2036 cero
565 1991 640 2034 cum
662 1991 794 2054 corpora
815 1968 904 2033 fulve
925 1967 1055 2034 leonum

167 2080 236 2136 tam
258 2073 360 2138 soleat
381 2083 502 2139 torrere
524 2084 623 2161 atque
646 2097 737 2139 urere
760 2096 857 2159 quam
879 2095 982 2160 genus
1004 2096 1098 2139 omne

166 2177 295 2243 visceris
316 2178 351 2243 in
373 2179 468 2243 terris
490 2178 714 2265 quodcumque
737 2186 771 2243 et
793 2176 960 2264 sanguinis
982 2186 1081 2253 extet,

167 2281 224 2366 qui
246 2281 317 2346 fieri
339 2281 455 2367 potuit,
478 2281 599 2368 triplici
620 2303 695 2346 cum
715 2303 845 2366 corpore
868 2289 907 2345 ut
929 2303 1002 2358 una,

166 2385 271 2471 prima
293 2386 352 2463 leo,
373 2393 535 2471 postrema
557 2385 659 2462 draco,
683 2383 790 2450 medie
810 2383 890 2469 ipsa,
913 2381 1087 2450 Chimaera

166 2511 220 2554 ore
242 2489 326 2554 foras
347 2511 453 2554 acrem
476 2489 570 2554 flaret
592 2489 632 2554 de
655 2511 784 2575 corpore
807 2489 998 2553 flammam?

167 2615 266 2679 quare
288 2592 388 2657 etiam
410 2592 527 2658 tellure
549 2614 635 2657 nova
655 2592 806 2677 caeloque
828 2591 952 2657 recenti

166 2694 246 2760 talia
267 2695 325 2781 qui
346 2694 443 2782 fingit
464 2695 607 2781 potuisse
629 2694 783 2759 animalia
806 2695 907 2781 gigni,

167 2799 264 2864 nixus
285 2799 320 2863 in
342 2798 401 2863 hoc
422 2821 488 2863 uno
511 2797 665 2863 novitatis
686 2798 816 2863 nomine
839 2797 936 2873 inani,

167 2903 273 2969 multa
293 2903 370 2968 licet
391 2902 490 2967 simili
512 2903 636 2967 ratione
659 2902 788 2967 effutiat
810 2923 872 2977 ore,

166 3029 265 3073 aurea
286 3016 359 3073 tum
381 3005 469 3071 dicat
490 3028 548 3092 per
569 3016 671 3070 terras
692 3005 829 3069 flumina
852 3004 948 3091 vulgo

166 3111 297 3176 fluxisse
319 3119 354 3176 et
375 3109 513 3197 gemmis
534 3109 646 3173 florere
667 3109 801 3173 arbusta
822 3117 930 3173 subisse

165 3222 224 3280 aut
246 3213 410 3279 hominem
433 3220 526 3277 tanto
548 3212 765 3277 membrorum
788 3232 856 3275 esse
878 3211 1001 3297 impete
1023 3220 1147 3290 natum,

167 3327 256 3383 trans
279 3316 380 3382 maria
402 3317 470 3381 alta
491 3316 612 3402 pedum
633 3316 723 3381 nisus
747 3324 786 3381 ut
808 3338 927 3401 ponere
950 3324 1059 3402 posset

166 3430 202 3488 et
224 3421 374 3487 manibus
397 3428 504 3485 totum
526 3420 647 3484 circum
669 3442 703 3485 se
726 3429 850 3485 vertere
872 3419 1005 3485 caelum.
1217 3436 1278 3503 915

167 3547 243 3592 nam
265 3526 351 3612 quod
373 3525 479 3590 multa
500 3525 589 3590 luere
611 3524 645 3588 in
668 3523 763 3589 terris
785 3523 909 3588 semina
930 3546 1036 3588 rerum

78 3775 150 3826 Flor.
161 3777 194 3826 81
206 3774 296 3826 (lamb.
399 3776 445 3826 885
459 3777 584 3825 uetantia
595 3775 664 3825 Flor.
676 3776 707 3825 31
720 3775 791 3825 Mon.
803 3775 862 3824 Ver.
873 3774 937 3826 Ven.
953 3776 992 3824 for
1003 3777 1135 3825 uetantia.
1169 3786 1278 3839 coenet.

79 3854 421 3921 qamittMonAEontdld.
436 3855 640 3906 liuntlramb.
738 3858 786 3906 888
799 3855 991 3919 pocroiltibld.
1005 3856 1045 3906 for
1057 3857 1162 3918 puerili.
1193 3861 1282 3920 pueris

78 3935 387 3999 Avano.11amb.11aoh.;
403 3935 514 4000 perhaps
524 3936 600 3986 Luor.
612 3939 691 3986 wrote
703 3951 781 4000 puero
794 3938 822 3986 li.
945 3939 993 3987 889
1007 3938 1105 4000 Occipit
1116 3935 1181 3989 Mar.
1194 3937 1254 3989 Ald.
1267 3939 1281 3988 1

78 4018 95 4068 J
97 4021 155 4069 unt.
166 4017 208 4068 for
219 4018 311 4080 officit.
430 4018 478 4068 892
489 4019 588 4066 rabidis
599 4015 692 4066 Heius
703 4016 732 4066 in
742 4030 791 4068 ms.
806 4018 888 4074 notes.
901 4015 952 4066 and
963 4017 1047 4067 Bentl.
1062 4016 1103 4067 for
1112 4018 1221 4080 rapidis:
1239 4031 1282 4068 soe

78 4115 106 4151 ιν
118 4102 177 4153 718.
274 4099 323 4152 888
330 4101 462 4164 proiciam
472 4098 564 4148 hamb.
576 4098 605 4147 in
616 4100 692 4148 notes
702 4101 730 4148 to
740 4097 779 4148 ad.
792 4099 808 4146 2
819 4096 871 4147 and
881 4096 909 4146 in
920 4097 959 4148 ed
972 4100 996 4157 3,
1008 4097 1074 4148 after
1084 4097 1228 4161 Turnebus,
1240 4099 1281 4148 for

77 4185 224 4248 proficiunt.
356 4181 404 4234 881
416 4196 473 4232 vcro
484 4180 567 4231 added
577 4181 612 4244 by
621 4179 679 4231 Ald.
692 4181 706 4229 1
718 4180 791 4230 Junt.
804 4179 860 4246 (not
871 4180 946 4230 Pont.
958 4194 988 4229 or
998 4180 1075 4243 Mar.)
1086 4180 1153 4243 vulg.
1167 4182 1283 4244 Denique

73 4262 231 4328 ΗΜ.
263 4261 558 4326 Ardoodpnecolhers.
658 4260 978 4312 omacumssrixfflona
992 4262 1087 4313 Avanc.
1101 4260 1279 4314 scrutariam.

78 4351 169 4399 iuncta
185 4347 251 4398 Mar.
268 4346 342 4399 Junt.
465 4345 513 4397 906
525 4348 597 4410 forae
614 4346 725 4407 Nauger.
742 4344 782 4395 lor
793 4345 875 4408 seraa
903 4344 1164 4407 suessonicum.
1195 4345 1282 4409 serem

79 4430 145 4483 Mar.
255 4428 304 4482 914
316 4443 410 4494 ponem
425 4428 448 4479 B
465 4442 531 4479 corr.
548 4428 614 4478 Mar.
631 4427 705 4478 Junt.
721 4427 763 4477 for
775 4427 891 4490 pondere.
923 4427 1034 4491 poodm
1050 4427 1146 4479 Avano.
1234 4429 1283 4481 883
