2834 4792
653 228 702 293 VI

188 428 249 471 nec
270 406 372 471 nimio
394 406 491 494 rigidi
512 414 586 492 post
608 415 699 470 artus
722 415 825 471 morte
847 407 1005 472 iacebant.

191 518 368 596 octavoque
391 510 458 575 1111
480 510 631 574 candenti
655 510 777 574 lumine
799 510 875 574 solis

190 622 249 678 aut
272 613 371 678 etiam
394 636 480 678 nona
502 613 681 678 reddebant
704 614 852 699 lampade
875 615 985 679 vitam.

193 739 328 801 quorum
351 717 453 803 siquis
474 717 540 782 ibei
562 718 683 782 vitarat
705 718 818 783 funera
841 718 909 795 leti,

191 820 354 885 ulceribus
375 821 490 886 taetris
512 830 546 886 et
568 822 662 909 nigra
683 822 827 907 proluvie
852 822 917 886 alvi
1206 838 1289 887 1200

192 924 353 1008 posterius
375 933 487 989 tamen
509 923 595 988 hunc
618 924 710 989 tabes
733 925 900 1010 letumque
924 923 1086 999 manebat,

192 1027 373 1092 autetiam
396 1028 520 1092 multus
542 1029 658 1114 capitis
681 1051 755 1092 cum
777 1051 872 1115 saepe
895 1028 1002 1093 dolore

192 1140 362 1216 corruptus
384 1131 516 1217 sanguis
538 1131 676 1218 expletis
698 1132 830 1196 naribus
853 1131 943 1195 ibat:

192 1233 256 1298 huc
277 1233 417 1300 hominis
440 1243 529 1300 totae
552 1235 634 1299 vires
657 1257 836 1321 corpusque
859 1234 989 1298 fluebat.

193 1338 387 1422 profluvium
409 1361 502 1424 porro
524 1338 581 1425 qui
604 1338 702 1403 taetri
724 1337 891 1423 sanguinis
912 1359 984 1401 acre
1207 1349 1285 1416 1205

194 1441 326 1517 exierat,
348 1449 458 1506 tamen
480 1441 515 1506 in
536 1464 651 1507 nervos
674 1442 750 1505 huic
772 1441 903 1506 morbus
926 1450 960 1505 et
981 1450 1073 1505 artus

193 1543 265 1608 ibat
286 1557 320 1609 et
342 1543 376 1608 in
398 1545 500 1630 partis
521 1545 675 1632 genitalis
697 1544 836 1631 corporis
858 1545 952 1630 ipsas.

193 1655 227 1712 et
248 1648 392 1734 graviter
412 1648 532 1734 partim
555 1656 740 1713 metuentes
762 1648 875 1712 limina
897 1648 957 1713 leti

196 1750 350 1816 vivebant
372 1753 454 1817 ferro
476 1752 596 1838 privati
618 1762 710 1838 parte
733 1751 827 1830 virili,

195 1865 229 1919 et
251 1855 401 1920 manibus
423 1857 493 1921 sine
515 1857 663 1922 nonnulli
686 1856 887 1942 pedibusque
910 1855 1087 1919 manebant
1210 1869 1293 1916 1210

196 1957 231 2021 in
254 1959 322 2023 vita
344 1966 463 2036 tamen,
486 1969 520 2025 et
542 1960 722 2045 perdebant
745 1959 869 2024 lumina
890 1958 1028 2044 partim:

198 2082 301 2146 usque
323 2063 403 2127 adeo
425 2062 537 2127 mortis
560 2073 668 2128 metus
692 2063 742 2127 his
764 2062 939 2128 incesserat
960 2084 1041 2126 acer.

195 2173 294 2251 atque
317 2167 416 2232 etiam
439 2168 594 2253 quosdam
617 2190 729 2253 cepere
752 2167 872 2232 oblivia
892 2188 1000 2230 rerum

196 2277 394 2346 cunctarum,
416 2292 521 2357 neque
543 2292 578 2335 se
600 2280 730 2355 possent
753 2291 940 2356 cognoscere
963 2276 1001 2332 ut
1024 2267 1095 2353 ipsi.

198 2373 365 2460 multaque
389 2375 481 2439 humi
502 2397 577 2439 curn
599 2374 769 2438 inhumata
792 2373 933 2437 iacerent
956 2393 1086 2456 corpora
1108 2392 1204 2456 supra

197 2478 391 2562 corporibus,
413 2486 524 2542 tamen
545 2478 685 2542 alituum
708 2499 811 2563 genus
833 2484 932 2562 atque
955 2475 1095 2538 ferarum
1212 2474 1293 2535 1216
1315 2509 1316 2512 =

197 2590 255 2644 aut
277 2581 387 2666 procul
409 2581 589 2666 apsiliebat,
611 2590 650 2644 ut
672 2602 776 2644 aorem
800 2579 922 2643 exeiret
944 2577 1081 2653 odorem,

199 2691 266 2760 aut,
288 2684 345 2748 ubi
367 2693 523 2769 gustarat,
546 2682 721 2770 languebat
744 2691 847 2747 morte
869 2681 1057 2767 propinqua.

200 2809 260 2852 nee
282 2796 392 2852 tamen
415 2789 545 2853 omnino
567 2796 689 2853 temere
711 2787 776 2852 illis
799 2786 920 2851 solibus
942 2785 1010 2849 ulla

201 2891 406 2976 comparebat
428 2891 505 2967 avis,
527 2912 587 2955 nec
608 2892 716 2956 tristia
738 2891 842 2955 saecla
865 2890 1003 2954 serarum
1212 2901 1294 2949 1220

88 3083 162 3143 couci
176 3081 228 3130 and
244 3082 324 3143 1199;
341 3085 435 3132 s0184
451 3098 512 3135 mss.
533 3087 641 3144 Triviae,
653 3099 675 3133 11
692 3085 740 3135 636
755 3087 844 3133 Armet
860 3091 894 3133 et.
927 3084 1019 3132 rictum
1032 3081 1123 3132 Lamb.
1140 3080 1180 3129 for
1194 3086 1295 3128 rectum.

88 3165 255 3226 Duratruque
272 3166 354 3214 horret
370 3168 450 3214 rictus
466 3165 524 3216 Vat.
544 3167 616 3217 3276.
652 3168 820 3215 inhorrescens
843 3167 935 3214 rictum
950 3163 1029 3214 Laoh.
1056 3163 1122 3212 after
1138 3159 1297 3223 Rutgersius.

91 3243 239 3294 inhorrebat
249 3248 341 3295 rictum
351 3246 443 3296 Lamb.
477 3250 505 3296 in
520 3263 561 3297 ore
577 3250 661 3297 1111111
677 3251 744 3297 rictu
759 3246 868 3297 Nonius.
905 3253 975 3295 teuta
987 3247 1095 3294 tumebat
1106 3243 1198 3293 Heius.
1209 3241 1238 3290 in
1249 3254 1297 3289 ms.

91 3327 170 3374 notes
181 3326 233 3375 and
244 3327 323 3377 Lech.
336 3329 376 3377 for
388 3337 456 3379 teuta
468 3332 556 3380 mebat.
592 3338 657 3379 tecta
673 3332 772 3379 meabat
787 3329 857 3379 Nico.
896 3336 965 3378 teuta
975 3329 1073 3377 uacabat
1083 3326 1150 3375 Flor.
1166 3326 1197 3374 31
1209 3323 1298 3374 (111111).

91 3409 108 3456 2
121 3405 179 3456 Vat.
192 3408 264 3481 Mon.
298 3417 367 3460 teuta
378 3414 492 3462 mouebat
503 3412 604 3463 Nonius
615 3413 637 3460 B
649 3427 714 3461 corr.
726 3412 783 3461 Vat.
796 3412 869 3462 3276.
1001 3408 1064 3459 1196
1075 3409 1155 3469 1191111
1167 3405 1247 3456 Laoh.
1259 3406 1300 3455 101

90 3489 188 3551 maida.
218 3498 276 3553 port
287 3500 367 3541 artua.
397 3500 455 3556 poet
466 3497 541 3543 strati
553 3493 643 3543 Lamb.
674 3495 797 3556 prostrati
809 3492 885 3541 Pont.
897 3491 969 3541 June.
1112 3489 1175 3538 1199
1186 3490 1238 3537 1111
1249 3486 1299 3535 Ed.

93 3570 137 3621 101
150 3577 178 3619 ut
194 3579 245 3620 est:
262 3573 313 3621 ibei
329 3572 432 3622 became
447 3573 504 3622 first
518 3576 581 3636 iuet,
594 3574 657 3622 then
671 3583 700 3622 ut
716 3581 769 3623 eat:
787 3587 827 3622 see
843 3587 870 3623 n.
887 3574 916 3622 to
932 3573 1003 3623 1195.
1038 3573 1084 3620 oia
1098 3568 1177 3620 Lech.
1191 3568 1301 3618 without

93 3651 173 3701 10101.
273 3653 336 3702 1200
351 3655 479 3703 Ulceribus
490 3655 582 3704 Lamb.
597 3655 664 3704 11111
679 3654 842 3717 Thucydides
853 3655 893 3703 for
908 3655 1053 3702 Viceribus:
1071 3651 1146 3701 iand
1157 3653 1167 3699 1
1177 3648 1302 3699 confused

94 3747 126 3784 11
141 3733 169 3783 in
186 3735 235 3784 500
250 3735 324 3784 other
338 3735 440 3798 places:
459 3751 487 3785 so
504 3738 566 3788 1271
587 3739 725 3795 Viceribua,
750 3737 886 3786 Visceribus
902 3737 925 3785 A
941 3750 1006 3785 corr.
1023 3733 1092 3784 Nica
1110 3733 1178 3795 vulg.
1198 3731 1258 3780 here
1272 3745 1302 3779 as

93 3813 174 3866 thore.
210 3815 284 3867 Waln
298 3815 327 3864 in
339 3816 403 3865 both
417 3818 504 3879 places
518 3832 611 3880 argues
626 3818 666 3866 101
679 3820 830 3876 1111111111;
847 3817 893 3866 but
905 3817 927 3864 A
939 3816 991 3866 and
1002 3815 1024 3863 B
1041 3815 1105 3865 1166
1116 3813 1169 3864 had
1179 3816 1216 3862 Et
1227 3814 1303 3862 simul

93 3899 238 3958 eiecribun
260 3898 324 3947 1146
341 3901 469 3960 Saupuiue
487 3907 511 3948 11
526 3902 667 3959 111111111;
684 3915 700 3948 v
717 3901 765 3950 995
781 3913 855 3962 super
869 3901 967 3947 uicerat
982 3904 1056 3955 tetra,
1072 3899 1170 3946 viscera
1184 3895 1207 3943 A
1222 3910 1302 3953 corr.;

95 3993 125 4029 1v
141 3979 205 4029 1068
223 3981 298 4029 Vicus
313 3983 386 4040 enim,
408 3982 485 4029 Ulcus
499 3981 522 4029 A
537 3994 618 4032 corn:
638 3980 701 4029 thus
716 3980 744 4028 in
759 3994 834 4042 every
846 3980 919 4041 placa
930 3978 1013 4027 where
1028 3977 1074 4027 the
1087 3978 1158 4027 word
1170 3990 1259 4026 occurs
1274 3976 1303 4025 in

94 4059 173 4110 Iauor.
190 4073 239 4109 our
255 4059 308 4108 sole
324 4059 434 4121 original
451 4059 585 4124 authority
602 4060 759 4110 substituted
774 4063 785 4110 i
803 4060 843 4109 ior
861 4063 886 4112 l:
904 4059 958 4108 this
974 4074 1036 4122 may
1051 4072 1123 4108 serve
1139 4061 1166 4107 1ο
1184 4057 1253 4107 show
1269 4071 1304 4107 on

95 4141 167 4195 what
182 4141 266 4205 sandy
279 4142 449 4192 foundations
464 4143 538 4194 Wak.
556 4143 650 4202 buflis,
661 4143 736 4193 when
750 4143 784 4192 he
798 4143 940 4192 maintains
954 4144 1035 4191 iacere
1052 4144 1189 4191 couiectum
1198 4155 1305 4190 umorem

95 4225 201 4288 against
211 4226 355 4285 conlectum,
369 4223 423 4274 and
433 4225 491 4288 fifty
502 4224 618 4275 suchlilra
629 4240 708 4275 cases.
807 4226 871 4274 1205
883 4226 927 4287 qui
938 4223 1030 4274 Lamb.
1041 4224 1082 4272 for
1092 4225 1142 4272 eui.

132 4308 196 4356 1212
208 4308 249 4356 bie
260 4307 330 4356 Mon.
342 4306 413 4356 Brix.
426 4308 442 4356 J
443 4310 500 4357 unt.
513 4308 605 4359 111111.
642 4311 665 4358 ie
676 4308 745 4359 Flor.
760 4310 790 4357 31
803 4307 892 4358 camb.
1018 4304 1252 4355 irwesreratLamb.
1266 4305 1306 4355 for

95 4390 247 4441 incusserat.
378 4387 441 4438 1217
454 4391 548 4439 1111111
558 4388 648 4447 Lech„
661 4393 742 4439 eoiret
756 4388 826 4440 Brix.
841 4388 882 4438 for
894 4390 994 4440 exciret.
1129 4387 1305 4437 121911111111.
