2834 4792
730 109 778 174 VI

231 273 319 338 floris
341 273 436 339 odore
459 273 623 338 hominem
645 280 751 338 taetro
772 282 925 339 consueta
947 296 1069 339 necare.

227 375 352 440 scilicet
374 375 454 440 haec
476 375 548 439 ideo
571 375 665 440 terrie
687 397 727 439 ex
751 374 860 439 omnia
882 384 1029 462 surgunt,

227 479 336 543 multa
358 479 462 544 modis
483 478 596 543 multis
619 480 796 544 multarum
819 480 943 546 semina
965 503 1073 545 rerum

227 583 315 669 quod
338 585 500 670 permixta
520 584 606 672 gerit
628 583 727 649 tellus
749 584 951 669 discretaque
974 585 1083 650 tradit.
1283 603 1348 669 790

227 697 489 773 nocturnumque
510 709 622 752 recens
644 687 826 752 extinctum
850 689 960 753 lumen
983 689 1040 753 ubi
1062 689 1127 753 acri

229 790 341 855 nidore
364 790 499 856 offendit
522 813 623 868 nares,
646 790 792 876 consopit
814 791 945 868 ibidem,

230 895 396 960 concidere
418 902 452 959 et
475 916 605 979 spumas
627 895 684 980 qui
706 894 817 959 morbo
840 896 972 959 mittere
994 895 1110 960 suevit.

229 1005 436 1083 castoreoque
458 997 550 1084 gravi
571 996 689 1062 mulier
711 996 817 1082 sopita
838 997 1000 1062 recumbit

229 1106 264 1163 et
288 1099 438 1164 manibus
460 1099 602 1164 nitidum
625 1100 745 1165 teneris
768 1122 848 1184 opus
871 1100 975 1165 effluit
998 1101 1037 1177 ei,

230 1208 376 1288 tempore
399 1225 436 1267 eo
458 1205 486 1268 si
508 1203 673 1268 odoratast
695 1226 758 1289 quo
781 1213 948 1269 menstrua
970 1205 1074 1269 solvit.

228 1305 397 1390 multaque
418 1314 587 1391 praeterea
610 1306 800 1393 languentia
823 1309 969 1373 membra
991 1329 1049 1393 per
1070 1316 1161 1372 artus

228 1409 359 1473 solvunt
381 1417 480 1494 atque
502 1411 644 1474 animam
669 1410 866 1475 labefactant
888 1411 1018 1476 sedibus
1041 1411 1139 1476 intua.

231 1512 371 1598 denique
393 1513 421 1577 si
444 1513 556 1578 calidis
578 1514 678 1578 etiam
701 1524 853 1579 cunctare
877 1515 1015 1579 lavabris

229 1615 356 1700 plenior
377 1624 412 1680 et
434 1616 558 1696 laveris,
580 1617 659 1681 solio
682 1617 837 1683 ferventis
859 1617 955 1702 aquai

231 1741 329 1803 quam
352 1719 444 1784 facile
466 1719 500 1783 in
523 1721 630 1785 medio
651 1721 690 1785 fit
712 1721 764 1785 uti
786 1722 843 1786 des
866 1744 961 1806 saepe
984 1722 1112 1787 ruinas!

230 1823 470 1909 carbonumque
492 1824 600 1910 gravis
622 1823 671 1888 vis
693 1833 792 1909 atque
815 1825 893 1889 odor
915 1825 1099 1890 insinuatur

229 1948 326 2012 quam
349 1926 442 1991 facile
463 1926 498 1991 in
521 1927 697 2004 cerebrum,
720 1928 782 1992 nisi
805 1951 923 2013 aquam
945 1929 1168 2014 praecepimus
1192 1934 1287 1994 antei

229 2039 264 2093 at
287 2051 361 2093 cum
384 2030 529 2095 membra
551 2031 665 2095 domus
689 2033 833 2116 percepit
856 2031 1000 2108 fervidu’,
1022 2032 1130 2096 nervis

229 2143 302 2200 tum
324 2136 362 2200 fit
385 2136 462 2200 odor
484 2135 545 2200 viri
567 2135 682 2223 plagae
705 2137 889 2202 mactabilis
912 2137 1021 2201 instar.
1288 2139 1348 2217 805

231 2260 338 2303 nonne
361 2238 450 2303 vides
472 2239 573 2303 etiam
596 2247 683 2304 terra
705 2263 833 2325 quoque
856 2239 969 2325 sulpur
990 2240 1024 2303 in
1046 2240 1117 2325 ipsa

231 2343 359 2431 gignier
381 2353 416 2409 et
438 2352 543 2409 taetro
566 2367 765 2410 concrescere
788 2345 883 2409 odore
905 2345 1072 2423 bitumen3

233 2447 373 2533 denique
395 2448 453 2512 ubi
474 2449 603 2535 argenti
625 2471 723 2514 venas
746 2450 880 2534 aurique
903 2458 1065 2524 secuntur,

233 2551 332 2614 terrai
353 2551 485 2636 penitus
507 2560 687 2616 scrutantes
710 2552 823 2616 abdita
845 2554 937 2628 ferro,

232 2648 338 2739 qualis
360 2653 486 2739 expiret
509 2654 723 2739 Scaptensula
744 2656 856 2724 subter
878 2656 1012 2720 odores?

229 2757 347 2842 quidve
369 2757 447 2821 mali
469 2757 508 2822 fit
530 2767 568 2822 ut
591 2759 743 2822 exhalent
765 2768 880 2823 aurata
902 2758 1051 2822 metalla!

235 2882 314 2946 quas
335 2861 503 2925 hominum
526 2861 667 2926 reddunt
690 2862 786 2926 facies
809 2862 976 2947 qualisque
999 2861 1135 2925 colores!

145 3044 204 3100 Aru
220 3047 322 3097 liunt.
337 3048 377 3097 for
392 3049 465 3098 iudeo
480 3051 536 3098 trie.
636 3050 683 3101 789
698 3048 721 3096 ie
737 3047 833 3110 rightly
847 3047 934 3110 J'oined
949 3048 982 3110 by
994 3048 1082 3098 (lamb.
1098 3047 1189 3098 Lamb.
1209 3048 1261 3097 Gis.
1278 3048 1352 3098 Walr.

150 3129 213 3180 with
225 3130 282 3181 790.
316 3130 412 3180 Greeoh
422 3131 502 3180 Laoh.
516 3135 564 3182 etc.
578 3134 686 3180 connect
699 3131 719 3179 it
731 3129 795 3179 with
806 3133 861 3182 788.
988 3131 1034 3182 791
1046 3133 1101 3179 ocri
1112 3130 1203 3179 Lamb.
1215 3130 1254 3180 ed.
1269 3132 1284 3178 2
1296 3130 1354 3180 first

151 3210 189 3262 lor
200 3215 277 3263 aem.
389 3215 436 3264 793
449 3220 473 3262 et
484 3229 583 3277 spumae
595 3213 697 3274 Madvig
707 3212 736 3261 in
747 3211 908 3261 Henrichsen
920 3211 951 3261 de
962 3213 1053 3274 fragm.
1068 3212 1185 3275 Gottorp.
1198 3228 1224 3275 p.
1237 3215 1269 3264 37
1279 3213 1319 3262 for
1330 3222 1355 3263 ct

140 3283 246 3355 'punwer
264 3309 364 3358 epumm
380 3294 470 3346 Lamb.
490 3295 571 3345 found
587 3296 616 3344 in
632 3310 713 3357 marg.
732 3295 760 3345 of
780 3295 837 3344 cod.
854 3294 1004 3344 Memmian.
1038 3295 1116 3344 Lech.
1135 3298 1195 3356 pute
1212 3294 1267 3344 this
1283 3309 1355 3344 verse

151 3375 215 3425 alter
232 3376 280 3424 801
298 3375 350 3426 and
365 3375 440 3425 reads
457 3383 481 3425 et
498 3392 609 3438 spumam
625 3385 654 3426 ut
670 3378 824 3439 pervereely:
848 3375 920 3425 older
936 3376 1092 3425 corrections
1111 3391 1154 3425 are
1174 3375 1311 3438 unworthy
1328 3376 1357 3426 of

149 3455 241 3507 notice.
339 3457 387 3508 798
398 3458 552 3521 labefactant
562 3458 631 3506 Flor.
644 3459 675 3524 31
687 3457 776 3507 (lamb.
787 3458 852 3506 Mar.
864 3458 922 3506 Ver.
934 3457 997 3508 Ven.
1012 3459 1050 3505 for
1063 3459 1227 3520 labefaciunt.

181 3537 229 3587 799
240 3543 357 3587 cunctare
368 3536 446 3589 Lach.
462 3537 501 3586 for
512 3546 633 3588 cunctere.
743 3540 791 3587 800
802 3547 826 3586 et
839 3540 938 3595 laveris,
950 3539 1013 3586 solio
1023 3538 1101 3588 Irach.
1117 3539 1157 3587 for
1167 3540 1273 3599 efflucrie
1284 3540 1354 3588 solio.

150 3625 173 3667 et
185 3619 286 3681 fruteria
296 3619 359 3667 solio
370 3617 455 3667 Madv.
468 3618 485 3667 l.
496 3618 528 3670 l.:
547 3618 591 3668 the
606 3634 712 3681 passage
728 3619 751 3667 is
764 3634 826 3681 very
838 3618 965 3667 doubtful.
1080 3620 1127 3667 803
1139 3634 1231 3681 aquam
1241 3618 1311 3668 Flor.
1324 3621 1355 3668 31

149 3699 239 3749 Gamb.
250 3699 327 3749 Pont.
339 3700 403 3752 Mar.
418 3699 491 3749 Junt.
503 3700 543 3749 lor
554 3716 630 3763 aqud
754 3700 802 3748 804
813 3701 921 3748 membra
932 3701 1014 3747 domare
1026 3700 1085 3748 Vat.
1097 3699 1317 3751 ercunualdus
1329 3700 1358 3749 in

149 3786 232 3843 notes,
244 3782 358 3832 Gronov.
369 3783 448 3834 Iraoh.
462 3784 502 3831 for
513 3786 619 3832 membra
631 3784 740 3833 domnus.
772 3781 945 3831 domiu’Nicc.
973 3783 1086 3830 dominae
1097 3782 1156 3830 Ver.
1169 3781 1357 3845 VenNauger.

148 3862 227 3911 domu
237 3860 457 3913 Flor.310amb.
475 3864 524 3910 two
536 3861 595 3910 Vat.
629 3863 736 3910 membra
751 3861 852 3910 domena
868 3860 932 3908 Mar.
945 3860 1018 3909 Junt.
1037 3860 1071 3909 Is.
1084 3859 1157 3909 Voss.
1169 3861 1196 3908 in
1213 3875 1262 3908 ms.
1274 3864 1356 3918 notes,

148 3942 234 3993 Madv.
247 3942 266 3991 l.
275 3941 294 3991 1.
326 3943 432 3992 cumbra
449 3944 554 3991 bominis
565 3941 656 3989 Lamb.
734 3941 854 4004 feruida,
866 3943 949 3989 nervis
962 3940 1011 3989 Ed.
1026 3941 1150 4005 (fervida,
1162 3943 1246 3990 nervis
1257 3941 1356 4003 wahl:

148 4023 354 4075 meminerva
365 4038 417 4073 was
428 4024 530 4073 written
542 4038 602 4072 over
613 4023 658 4073 the
669 4024 721 4073 line
732 4023 783 4073 and
794 4023 908 4084 wrongly
919 4021 1039 4071 attached
1048 4028 1075 4072 to
1086 4023 1182 4072 domur:
1199 4022 1279 4071 hence
1290 4024 1355 4072 dom-

146 4121 204 4156 etur.
231 4105 359 4168 sapidior
380 4107 419 4154 vie
440 4104 520 4156 Laoh.
545 4105 585 4154 for
602 4108 706 4168 fervida
727 4107 805 4154 eorvis
826 4104 849 4152 A
871 4103 942 4153 Nico.
969 4106 1074 4167 fervide
1091 4106 1173 4167 seroie
1195 4103 1229 4152 B:
1252 4105 1357 4167 feruido

143 4189 227 4252 sobria
238 4187 332 4238 Lamb.
343 4188 379 4237 le.
391 4187 465 4237 Voss.
477 4187 505 4236 in
517 4202 564 4237 me.
578 4192 660 4249 notes,
675 4187 761 4237 Madv.
818 4187 866 4236 805
877 4187 928 4235 viru
940 4185 1002 4234 Pius
1013 4185 1041 4234 in
1052 4189 1135 4244 notes,
1147 4185 1227 4235 Lech.
1240 4185 1280 4234 for
1290 4187 1354 4234 vini.

186 4269 236 4320 800
248 4271 306 4333 ipra
316 4268 385 4320 Flor.
400 4271 431 4318 91
443 4269 533 4319 Gumb.
542 4269 618 4318 Pont.
630 4270 671 4318 for
681 4273 743 4333 ipso.
885 4268 934 4316 808
944 4269 1043 4327 arpenti
1054 4267 1124 4316 Flor.
1136 4268 1168 4317 91
1180 4266 1271 4317 (lamb.
1282 4265 1354 4318 Mon.
