2834 4792
758 113 795 177 II

259 274 392 339 tandem
414 273 561 338 colerunt
584 295 727 359 eaquae
749 275 894 341 coniecta
916 284 1050 361 repente

257 398 448 462 magnarum
470 399 579 441 rerum
602 377 717 442 fierent
740 378 870 443 exordia
891 400 1026 464 semper,

257 480 356 544 terrai
378 480 475 544 maris
497 488 531 545 et
554 481 635 546 caeli
656 483 847 567 generisque
869 482 1082 548 animantum.

257 605 356 669 quare
379 583 479 647 etiam
501 591 601 669 atque
624 584 724 648 etiam
747 584 824 649 talis
846 586 967 650 fateare
989 607 1117 650 necesse
1142 594 1192 651 est

256 709 325 751 esse
348 686 427 750 alios
448 685 527 750 alibi
549 708 736 773 congressus
759 688 916 764 materiai,
1299 633 1413 751 Is

256 789 361 877 qualis
383 790 435 855 hic
458 798 516 865 est,
539 790 634 855 avido
655 791 824 877 complexu
847 814 944 876 quem
967 801 1059 858 tenet
1079 794 1202 859 aether.

299 894 472 958 Praeterea
492 915 566 957 cum
589 893 741 958 materies
763 902 813 959 est
835 895 941 959 multa
963 904 1085 980 parata,

255 1022 329 1065 cum
352 998 440 1062 locus
462 1006 513 1062 est
535 1009 663 1082 praesto
685 1019 745 1062 nec
767 1020 818 1063 res
839 1021 899 1064 nec
921 1022 1017 1065 causa
1039 1009 1184 1066 moratur

255 1102 331 1179 ulla,
354 1099 423 1187 geri
446 1100 567 1164 debent
589 1099 744 1164 nimirum
767 1109 802 1165 et
824 1101 955 1166 confieri
976 1124 1034 1168 res.

254 1225 340 1268 nunc
362 1212 396 1267 et
419 1200 596 1266 seminibus
618 1202 646 1265 si
668 1211 763 1267 tanta
784 1213 834 1268 est
855 1204 948 1289 copia
969 1214 1125 1290 quantam
1291 1162 1413 1285 107&

254 1329 442 1373 enumerare
464 1315 554 1371 aetas
576 1306 779 1371 animantum
801 1330 866 1372 non
889 1317 987 1394 queat
1010 1310 1123 1386 omnis,

252 1412 360 1497 visque
382 1411 494 1475 eadem
516 1419 545 1475 et
567 1418 685 1475 natura
706 1419 817 1476 manet
841 1434 922 1497 quae
945 1413 1069 1478 semina
1090 1436 1199 1478 rerum

253 1516 396 1581 conicere
419 1515 453 1578 in
476 1515 545 1579 loca
567 1536 710 1600 quaeque
732 1525 831 1600 queat
853 1516 952 1581 simili
974 1517 1098 1582 ratione
1173 1539 1175 1543 ’

252 1628 351 1705 atque
374 1620 437 1682 huc
459 1627 537 1681 sunt
559 1617 712 1694 coniecta,
733 1640 862 1684 necesse
885 1629 935 1684 est
957 1619 1129 1685 confiteare

252 1745 320 1788 esse
344 1723 423 1787 alios
444 1722 517 1786 aliis
539 1730 697 1786 terrarum
721 1722 756 1787 in
778 1723 926 1808 partibus
948 1723 1033 1788 orbis
1291 1737 1365 1806 1075

251 1835 285 1892 et
308 1826 412 1890 varias
434 1826 602 1890 hominum
624 1825 732 1912 gentis
754 1836 789 1890 et
812 1827 915 1891 saecla
938 1826 1087 1891 ferarum.

295 1930 371 1994 Huc
392 1929 517 1993 accedit
540 1936 577 1992 ut
600 1928 634 1992 in
656 1950 784 1993 summa
806 1952 856 1994 res
878 1930 969 1995 nulla
990 1929 1033 1995 sit
1055 1953 1130 2006 una,

250 2032 346 2098 unica
368 2053 450 2117 quae
472 2031 627 2118 gignatur
649 2040 682 2096 et
705 2031 802 2096 unica
824 2032 954 2118 soleque
978 2041 1109 2110 crescat,

250 2135 330 2221 quin
352 2134 504 2220 aliquoiu'
527 2134 588 2199 siet
611 2135 708 2199 saecli
730 2135 956 2221 permultaque
980 2135 1091 2202 eodem

249 2239 316 2304 sint
337 2259 463 2324 genere.
508 2237 542 2301 in
565 2237 677 2322 primis
699 2238 902 2314 animalibus,
924 2237 1047 2304 inclute
1070 2239 1216 2316 Memmi,
1291 2241 1371 2305 1080
1408 2270 1413 2329 i

250 2343 394 2407 invenies
416 2342 461 2406 sic
485 2341 707 2428 montivagum
730 2365 834 2429 genus
856 2366 925 2408 esse
948 2344 1097 2421 ferarum,
1410 2332 1413 2348 ⁸

249 2446 295 2511 sic
317 2445 484 2509 hominum
507 2444 652 2530 genitam
676 2445 807 2530 prolem,
829 2445 875 2509 sic
896 2445 1036 2531 denique
1059 2455 1170 2511 mutas
1222 2462 1227 2472 ·

248 2550 488 2635 squamigerum
510 2549 649 2635 pecudes
672 2557 705 2613 et
728 2571 858 2634 corpora
880 2560 997 2615 cuncta
1019 2551 1195 2617 volantum.

248 2662 445 2739 quapropter
467 2653 591 2717 caelum
614 2653 713 2717 simili
734 2654 859 2718 ratione
881 2655 1082 2719 fatendumst

248 2764 431 2841 terramque
455 2765 488 2820 et
511 2756 610 2820 solem
635 2757 745 2820 lunam
769 2779 864 2834 mare,
887 2766 994 2822 cetera
1015 2779 1098 2842 quae
1121 2765 1207 2834 sunt,
1289 2761 1367 2838 1085

162 2952 234 3004 1059.
377 2949 439 2998 1061
452 2951 567 2997 colerunt
578 2947 648 2998 Niso.
661 2951 676 2997 3
688 2948 746 2998 Vat.
760 2949 830 2998 Mon.
842 2949 915 2999 Junt.
927 2949 1037 3012 rightly:
1056 2962 1097 2998 see
1109 2953 1184 2998 notes
1196 2950 1221 2997 2.
1257 2951 1368 2998 colerunt

160 3036 214 3086 AB.
247 3035 383 3084 coaluerint
404 3032 495 3083 Lamb.
531 3034 659 3083 coluerunt
680 3031 760 3082 Lech.
794 3035 906 3083 coierunt
929 3033 951 3080 B
974 3046 1039 3081 corr.
1062 3031 1129 3082 Flor.
1156 3032 1188 3080 si
1209 3029 1302 3081 camb.
1320 3045 1367 3080 one

160 3117 219 3168 Vat.
252 3113 403 3166 coniectast
418 3114 527 3164 allmss.
540 3113 890 3176 seemstomequiteright:
908 3128 992 3176 comp.
1006 3115 1077 3164 1108.
1155 3121 1275 3164 convectu
1286 3113 1364 3163 Lech.

160 3197 245 3249 which
267 3212 374 3261 appears
397 3200 424 3245 to
446 3195 477 3245 be
499 3194 543 3245 the
565 3195 634 3257 right
657 3195 762 3257 reading
785 3195 812 3244 in
835 3194 879 3245 the
901 3197 991 3257 nearly
1007 3195 1128 3246 identieal
1148 3209 1258 3259 passage
1280 3211 1298 3245 v
1320 3196 1366 3244 429

160 3280 244 3331 where
260 3280 305 3330 the
321 3293 381 3330 mss.
401 3277 468 3327 have
484 3285 615 3327 conventa.
648 3277 729 3327 Lech.
752 3278 848 3339 objecta
871 3282 898 3328 to
920 3281 1032 3328 coniecta
1056 3277 1145 3339 ‘quasi
1167 3276 1305 3327 Lueretius
1324 3276 1365 3325 hic

160 3363 235 3413 aliter
257 3377 335 3424 quam
355 3362 384 3410 in
407 3360 498 3422 quinto
520 3359 603 3409 dicere
619 3360 765 3422 potuerit’:
788 3359 834 3409 but
851 3359 922 3410 there
938 3359 971 3409 he
987 3359 1036 3408 has
1053 3359 1109 3409 also
1126 3362 1288 3418 conueniunt,
1302 3358 1364 3408 here

159 3448 283 3504 colerunt,
296 3442 368 3492 there
384 3456 463 3504 saepe,
476 3440 536 3489 here
551 3456 655 3503 semper3
674 3442 713 3489 lor
728 3440 807 3491 Lech.
820 3441 909 3504 vainly
920 3441 999 3490 alters
1009 3455 1081 3503 saepe
1094 3442 1122 3489 to
1133 3455 1245 3503 semper:
1262 3440 1296 3490 he
1311 3440 1364 3490 also

160 3542 220 3590 says
231 3526 259 3576 of
268 3529 379 3577 coniecta
394 3524 562 3574 ‘sententiam
573 3538 627 3572 non
639 3524 722 3586 explet
734 3524 785 3573 nisi
796 3523 884 3573 addita
895 3523 944 3573 loci
956 3522 1155 3586 significatione,
1168 3526 1198 3573 ut
1214 3524 1363 3587 paulopost

162 3611 278 3659 Conicere
296 3610 325 3656 in
340 3609 394 3656 loca
411 3607 531 3670 quoeque'
550 3608 611 3654 cet:
629 3604 675 3654 but
692 3620 702 3653 1
719 3606 767 3654 281
782 3608 920 3667 Fragmlna
936 3607 1059 3655 coniciens
1074 3607 1196 3654 silvorum
1212 3607 1363 3669 arbustaque

160 3699 222 3752 totu,
235 3704 272 3739 we
285 3689 340 3738 find
351 3688 372 3738 it
390 3687 452 3736 used
467 3685 619 3747 absolutely.
720 3686 783 3735 1062
795 3688 897 3735 morelio
909 3686 1043 3736 Mar.A1d.
1056 3687 1071 3735 1
1082 3686 1156 3736 lunt.
1171 3687 1211 3736 for
1222 3703 1256 3738 ee
1266 3689 1362 3744 ordine,

159 3788 189 3823 as
201 3773 230 3821 in
242 3770 288 3822 the
298 3770 345 3820 5th
356 3770 431 3819 book.
563 3768 626 3819 1070
638 3775 671 3817 et.
704 3784 735 3817 ex
746 3768 828 3819 Lech.
840 3769 886 3818 but
898 3777 923 3818 et
934 3770 957 3818 is
968 3768 1063 3832 clearly
1073 3769 1158 3831 right:
1177 3785 1207 3818 ea
1218 3769 1310 3820 makes
1320 3767 1362 3819 the

159 3853 336 3905 construction
351 3853 419 3901 most
434 3849 575 3899 awkward:
594 3848 655 3898 then
673 3849 736 3901 1072
755 3851 845 3913 Virque
860 3853 946 3900 eaden
961 3859 985 3900 et
1000 3858 1094 3901 notura
1111 3853 1176 3902 Mar.
1190 3852 1251 3902 Ald.
1264 3853 1278 3901 1
1290 3851 1362 3902 Junt.

159 3937 199 3986 lor
218 3937 262 3984 Vis
280 3935 364 3984 eadent
380 3940 480 3982 notura.
520 3933 582 3992 Quis
599 3933 684 3980 eudem
700 3938 794 3980 notura
809 3931 889 3980 Lach.
982 3934 1045 3983 1073
1062 3948 1175 3997 quaeque
1192 3942 1270 3998 queat
1285 3934 1363 3984 simili

158 4017 226 4065 Flor.
239 4015 270 4064 31
282 4013 371 4063 Oamb.
383 4013 422 4060 lor
434 4026 545 4074 quaeque
557 4012 674 4060 alsinelli.
774 4012 836 4063 1079
848 4012 972 4076 aliquoiu’
983 4017 1032 4062 siet
1043 4014 1157 4063 Gronov.
1169 4014 1210 4064 for
1221 4015 1360 4078 aliquoiuis

158 4100 206 4146 siet
216 4098 247 4154 Β,
260 4097 414 4158 alioquoiuis
426 4093 461 4142 A:
479 4092 523 4142 the
535 4091 606 4141 older
617 4090 714 4141 editors
724 4091 788 4141 have
799 4106 865 4154 gone
875 4093 966 4156 widely
977 4097 1071 4156 astray.
1192 4095 1258 4145 1080
1268 4097 1360 4145 inclute

158 4180 259 4228 Memmi
270 4178 383 4228 Gronov.
395 4176 435 4224 for
446 4176 530 4224 indice
541 4181 629 4224 menta
767 4175 829 4223 1081
841 4177 957 4224 Invenies
968 4176 1045 4225 Pont.
1057 4175 1124 4226 Mar.
1135 4175 1193 4226 Ant
1207 4177 1222 4225 1
1234 4176 1309 4228 lunt.
1321 4176 1359 4226 ior

156 4261 293 4310 invenisse.
383 4258 445 4305 1082
461 4259 572 4318 genito-m
588 4254 1057 4318 Mar.Ald.1Junt.for9eminorn.
1157 4258 1220 4310 1089
1238 4261 1304 4323 quod
1320 4261 1358 4310 00

434 4416 486 4423 ..ι-μ.
