2834 4792
646 217 677 281 V

140 389 292 468 terraque
314 381 521 446 inumbratur
543 404 608 467 qua
628 381 733 446 nimbi
755 404 894 467 cumque
918 381 1084 460 feruntur;

144 493 183 550 ut
203 507 314 550 noscas
336 484 504 571 splendore
526 506 609 550 novo
630 507 682 550 res
704 507 830 572 semper
852 507 947 572 egere

142 595 179 651 et
200 586 343 673 primum
364 587 486 652 iactum
509 587 643 675 fulgoris
665 609 828 673 quemque
849 587 954 673 perire

144 711 205 754 nec
226 689 351 754 ratione
373 689 437 755 8118
459 712 510 755 res
531 711 624 775 posse
647 690 682 753 in
704 689 769 754 sole
794 688 904 767 videri,

146 801 303 878 perpetuo
324 792 360 857 ni
382 792 570 879 suppeditet
593 793 675 857 lucis
697 802 796 878 caput
818 793 933 878 ipsum.

144 896 225 982 quin
248 895 347 962 etiam
369 906 529 962 nocturna
550 897 621 974 tibi,
644 898 810 962 terrestria
831 920 914 983 quae
937 905 1022 974 sunt,

145 999 277 1074 lumina,
299 1000 478 1086 pendentes
500 1000 622 1086 lychiui
643 1001 812 1086 claraeque
834 999 973 1065 coruscis

147 1104 330 1190 fulguribus
351 1104 490 1191 pingues
511 1106 616 1169 multa
637 1104 775 1191 caligine
798 1105 913 1169 taedae

147 1205 305 1270 consimili
327 1215 501 1293 properant
522 1208 656 1284 ratione,
678 1208 791 1273 ardore
814 1208 971 1284 ministro,

147 1308 354 1394 suppeditare
376 1332 493 1375 novom
516 1310 635 1388 lumen,
658 1318 795 1375 tremere
818 1310 949 1397 ignibus
972 1310 1106 1387 instant,

146 1409 280 1488 instant,
302 1433 361 1476 nec
384 1411 453 1475 loca
474 1411 530 1475 lux
552 1412 640 1476 inter
661 1413 754 1498 quasi
775 1427 873 1499 rupta
895 1413 1067 1497 relinquit:

150 1537 251 1600 usque
273 1516 353 1580 adeo
375 1524 585 1601 properanter
605 1516 647 1580 ab
670 1516 820 1580 omnibus
842 1516 973 1602 ignibus
996 1517 1027 1580 ei

148 1617 286 1681 exitium
308 1618 405 1683 celeri
427 1617 551 1682 celatur
572 1617 696 1705 origine
718 1619 876 1684 flammae.

149 1720 194 1784 sic
216 1720 320 1808 igitur
340 1722 440 1786 solem
463 1722 573 1786 lunam
596 1722 771 1814 stellasque
794 1722 1007 1808 putandumst

150 1846 189 1888 ex
211 1825 274 1889 alio
297 1833 395 1911 atque
417 1824 481 1890 alic
503 1825 609 1890 lucem
631 1826 750 1890 iactare
773 1825 908 1890 subortu

151 1936 184 1992 et
206 1928 347 2013 primum
370 1928 524 2014 quicquid
547 1929 750 1994 flammarum
775 1929 907 2014 perdere
929 1951 1074 2015 semper;

149 2030 347 2097 inviolabilia
370 2033 448 2097 haec
470 2055 512 2097 ne
534 2034 645 2099 credas
667 2035 749 2098 forte
772 2035 889 2120 vigere.

194 2135 344 2222 Denique
366 2159 430 2200 non
453 2135 576 2222 lapides
598 2159 725 2222 quoque
750 2137 834 2202 vinci
857 2136 960 2201 cernis
983 2137 1024 2200 ab
1046 2158 1133 2212 aevo,

151 2259 215 2301 non
237 2238 320 2302 altas
342 2239 441 2303 turris
462 2261 556 2304 ruere
578 2248 612 2304 et
635 2248 818 2324 putrescere
841 2262 926 2315 saxa,

151 2359 215 2400 non
237 2337 373 2402 delubra
394 2339 493 2403 deum
515 2339 750 2426 simulacraque
773 2341 855 2404 fessa
878 2338 992 2415 fatisci,

151 2463 210 2505 nec
232 2450 380 2506 sanctum
402 2465 524 2507 numen
547 2443 607 2508 fati
629 2444 800 2528 protollere
823 2443 896 2507 finis

152 2566 244 2628 posse
265 2567 371 2631 neque
393 2545 546 2611 adversus
567 2557 704 2612 naturae
727 2549 855 2613 foedera
877 2546 966 2611 niti?
1206 2563 1269 2625 310

151 2646 290 2734 denique
312 2671 377 2714 non
399 2651 600 2716 monimenta
621 2651 727 2715 virum
749 2651 874 2737 dilapsa
897 2650 1044 2715 videmus

152 2774 304 2837 quaerere
326 2776 477 2838 proporro
498 2755 561 2819 sibi
582 2777 653 2820 aeae
675 2777 838 2820 senescere
860 2755 979 2830 credas,

56 2907 101 2954 Et
118 2902 185 2953 Mar.
203 2904 260 2955 Ala
280 2904 294 2953 1
312 2905 386 2955 Junt.
404 2906 444 2955 for
465 2908 505 2956 Ut.
610 2908 658 2958 295
676 2909 771 2971 lychins'
788 2906 838 2956 Ed.
856 2906 896 2954 ior
913 2908 1011 2970 lyclini.
1060 2906 1147 2969 lychni
1162 2905 1186 2954 A
1202 2920 1268 2956 corr.

57 2985 136 3034 Nice.
152 2984 281 3046 Macrobn
299 2986 375 3037 Lucr.
394 3001 478 3037 seems
493 2991 520 3038 to
534 2989 600 3038 have
615 2989 709 3038 known
724 2989 786 3051 only
801 2988 845 3038 the
861 2987 1003 3049 trisyllabis
1019 2987 1094 3046 form,
1109 2986 1223 3036 whether
1237 2986 1271 3037 he

57 3070 145 3116 wrote
160 3069 257 3132 lychino·
272 3082 301 3117 or
318 3071 415 3119 luchina·
430 3084 460 3119 or
476 3071 580 3132 lichiui5
597 3085 627 3119 or
641 3085 706 3120 even
720 3072 814 3121 cneci
829 3070 873 3120 the
889 3071 942 3120 still
959 3069 1031 3119 older
1048 3070 1128 3118 forms
1146 3071 1225 3120 188181
1242 3084 1271 3119 or

63 3151 151 3200 licini.
184 3149 287 3200 Ritsohl
297 3150 326 3200 in
341 3151 434 3202 Rhein.
446 3152 515 3202 Mus.
527 3168 554 3203 n.
566 3153 585 3202 1.
597 3168 613 3202 x
624 3169 649 3216 p.
662 3155 737 3205 447-
743 3155 790 3204 451
803 3153 885 3203 shows
901 3154 959 3204 that
974 3153 1045 3202 Enn.
1058 3168 1119 3202 ann.
1135 3154 1182 3202 328
1194 3157 1271 3202 wrote

64 3233 208 3281 lueiswmm
225 3233 322 3282 lumino
340 3234 377 3283 bis
395 3249 450 3293 sea;
475 3233 591 3284 Lucilius
609 3237 750 3298 luctatosque
768 3251 797 3286 or
817 3237 992 3298 turbinesque:
1018 3249 1046 3284 so
1064 3236 1184 3283 drocumu
1201 3236 1272 3283 minu

62 3308 147 3373 (μνᾶ),
164 3311 248 3359 tesino
265 3311 369 3374 (τέχνη),
390 3313 493 3361 sudeus
509 3327 538 3362 or
554 3316 651 3362 sicinus
668 3314 780 3376 (κύκνος),
798 3312 850 3362 and
866 3313 941 3362 other
957 3312 1008 3361 like
1025 3313 1106 3361 forms
1122 3311 1158 3361 all
1175 3311 1272 3372 srising

64 3391 136 3439 from
150 3376 301 3440 the'dislike
316 3393 344 3441 ο1
359 3391 404 3442 the
420 3393 464 3443 old
479 3393 573 3443 Latine
589 3396 617 3444 to
634 3396 732 3444 certain
749 3393 940 3444 combinatione
955 3395 984 3442 01
997 3396 1170 3443 consonante:
1188 3407 1271 3455 comp.

66 3473 232 3533 Aesculapius
243 3473 380 3522 Alcumena
391 3475 513 3523 Hercules
525 3473 578 3524 and
588 3489 669 3538 many
680 3475 744 3524 such
755 3476 814 3525 like.
848 3475 924 3525 Luer.
936 3490 965 3523 or
980 3474 1022 3523 his
1037 3472 1120 3522 editor
1134 3488 1195 3535 may
1206 3472 1272 3522 have

65 3552 171 3601 written
182 3567 208 3616 y,
222 3566 252 3602 as
262 3551 285 3602 it
292 3567 344 3603 was
355 3553 509 3605 introduced
520 3555 560 3605 ior
572 3556 655 3606 Greek
666 3556 749 3606 words
759 3558 815 3620 just
826 3557 912 3606 before
922 3556 965 3605 his
976 3555 1066 3607 death:
1085 3554 1129 3604 the
1140 3552 1272 3616 aspirated

66 3635 101 3683 cb
110 3648 164 3683 was
175 3633 204 3682 in
214 3648 337 3685 common
348 3650 395 3685 use
406 3651 477 3687 some
488 3638 520 3686 40
530 3653 605 3700 years
616 3638 715 3696 earlier,
728 3654 757 3688 as
767 3638 869 3688 Ritschl
879 3652 979 3700 proves.
1094 3634 1142 3686 296
1153 3637 1271 3697 calipius.

61 3715 178 3778 suliyiwe
195 3714 280 3766 Bentl
300 3714 445 3787 sndWak.
462 3717 530 3767 irom
547 3733 563 3768 a
580 3718 654 3768 sheer
670 3718 926 3781 misunderstanding
942 3718 971 3766 ο1
985 3717 1062 3766 Lucr.
1153 3717 1200 3767 297
1216 3731 1272 3778 pro·

63 3804 157 3858 peram
174 3796 239 3847 Mar.
259 3796 317 3847 Ald.
335 3798 350 3845 1
368 3798 440 3848 1881.
458 3799 499 3849 ior
511 3801 652 3862 proferant.
799 3801 848 3851 300
864 3802 894 3849 ab
911 3802 1030 3849 omuibus.
1075 3800 1167 3847 obortis
1183 3797 1273 3847 Bruno

68 3876 202 3940 (Harburg
213 3877 285 3940 1872,
297 3894 322 3942 p.
335 3879 368 3945 9).
535 3883 582 3931 301
599 3884 674 3931 celeri
686 3884 782 3932 celatur
794 3883 859 3932 Mar.
871 3881 974 3944 Madvig
986 3880 1038 3930 and
1050 3879 1129 3930 Lech.
1144 3879 1183 3927 ior
1198 3881 1273 3928 celeri

65 3962 201 4011 celeratur.
230 3964 354 4012 toleratur
363 3961 433 4016 Nico.
447 3963 505 4015 Ver.
519 3964 585 4013 Van.
597 3964 653 4016 ald.
669 3966 683 4013 1
695 3966 762 4027 vulg.
791 3965 864 4014 Junt.
876 3964 953 4025 keeps
964 3962 1009 4013 the
1020 3965 1142 4012 celeratur
1153 3961 1181 4010 01
1191 3961 1272 4018 Μο8.,

68 4041 204 4092 Candidus
214 4045 262 4092 not
272 4041 368 4105 having
380 4043 503 4094 obserwed
512 4043 572 4094 that
583 4044 710 4095 Marullus
721 4044 774 4095 had
785 4049 833 4108 put
848 4045 936 4109 points
950 4044 979 4094 01
993 4042 1116 4105 rejection
1132 4041 1214 4090 under
1228 4040 1273 4091 the

67 4139 103 4174 er.
219 4125 268 4176 392
275 4128 441 4189 mandanae
452 4126 532 4176 Lach.
545 4127 584 4176 ior
592 4128 748 4190 putandum:
766 4142 808 4177 see
819 4141 830 4176 1
842 4128 898 4176 111.
1018 4126 1066 4174 312
1082 4139 1139 4173 senc
1149 4137 1272 4172 senescere

67 4204 119 4257 Ed.
142 4207 184 4256 ior
205 4222 306 4271 cunque
328 4223 463 4258 remerare:
493 4223 535 4258 see
557 4208 649 4258 Journ.
672 4209 701 4257 01
724 4207 789 4270 phil.
812 4222 883 4268 n.,s.
905 4221 932 4255 1v
954 4221 980 4269 p.
1002 4207 1049 4254 122
1072 4205 1124 4254 and
1145 4207 1221 4253 notes
1249 4205 1272 4254 2.

65 4289 118 4338 sibi
135 4291 181 4352 qui
197 4289 229 4339 de
244 4304 270 4339 se
287 4305 384 4354 quoque
400 4292 472 4340 dicat
488 4290 567 4340 Polle.
606 4293 720 4352 Aeraque
733 4304 853 4352 proporro
870 4289 1024 4350 solidumque
1040 4301 1162 4336 senescere
1175 4287 1275 4348 ferrum

67 4369 119 4420 Ed.
138 4370 272 4434 formerly:
296 4385 338 4421 see
357 4371 447 4421 camb.
467 4371 557 4420 Journ.
577 4372 605 4421 01
625 4369 689 4434 phil.
712 4385 722 4418 1
745 4386 770 4432 p.
791 4372 839 4420 373
862 4368 914 4418 and
936 4383 963 4418 1v
984 4383 1009 4430 p.
1036 4368 1093 4416 142.
1129 4368 1197 4428 Quae
1215 4369 1274 4430 sore

1080 4453 1184 4512 14-2
