<?xml version="1.0" encoding="UTF-8"?>
<!DOCTYPE html PUBLIC "-//W3C//DTD XHTML 1.0 Transitional//EN"
    "http://www.w3.org/TR/xhtml1/DTD/xhtml1-transitional.dtd">
<html xmlns="http://www.w3.org/1999/xhtml" xml:lang="en" lang="en">
 <head>
  <title>
</title>
<meta http-equiv="Content-Type" content="text/html;charset=utf-8" />
  <meta name='ocr-system' content='tesseract 3.04.00' />
  <meta name='ocr-capabilities' content='ocr_page ocr_carea ocr_par ocr_line ocrx_word'/>
</head>
<body>
  <div class='ocr_page' id='page_1' title='image "./tlucreticarider02duffgoog_0193.png"; bbox 0 0 2834 4792; ppageno 0'>
   <div class='ocr_carea' id='block_1_1' title="bbox 686 226 736 291">
    <p class='ocr_par' dir='ltr' id='par_1_1' title="bbox 686 226 736 291">
     <span class='ocr_line' id='line_1_1' title="bbox 686 226 736 291; baseline 0 0"><span class='ocrx_word' id='word_1_1' title='bbox 686 226 736 291; x_wconf 91' lang='lat' dir='ltr'>IV</span> 
     </span>
    </p>
   </div>
   <div class='ocr_carea' id='block_1_2' title="bbox 191 386 1317 3678">
    <p class='ocr_par' dir='ltr' id='par_1_2' title="bbox 192 386 1083 474">
     <span class='ocr_line' id='line_1_2' title="bbox 192 386 1083 474; baseline 0.002 -22"><span class='ocrx_word' id='word_1_2' title='bbox 192 386 326 452; x_wconf 87' lang='lat' dir='ltr'>flumine</span> <span class='ocrx_word' id='word_1_3' title='bbox 349 396 384 452; x_wconf 76' lang='lat' dir='ltr'>et</span> <span class='ocrx_word' id='word_1_4' title='bbox 405 386 441 452; x_wconf 91' lang='lat' dir='ltr'>in</span> <span class='ocrx_word' id='word_1_5' title='bbox 462 386 592 474; x_wconf 79' lang='lat' dir='ltr'>rapidas</span> <span class='ocrx_word' id='word_1_6' title='bbox 613 386 719 452; x_wconf 83' lang='lat' dir='ltr'>amnis</span> <span class='ocrx_word' id='word_1_7' title='bbox 740 386 947 474; x_wconf 77' lang='lat' dir='ltr'>despeximus</span> <span class='ocrx_word' id='word_1_8' title='bbox 968 387 1083 467; x_wconf 77' lang='lat' dir='ltr'>undas,</span> 
     </span>
    </p>

    <p class='ocr_par' dir='ltr' id='par_1_3' title="bbox 192 491 1042 578">
     <span class='ocr_line' id='line_1_3' title="bbox 192 491 1042 578; baseline 0.001 -23"><span class='ocrx_word' id='word_1_9' title='bbox 192 491 309 556; x_wconf 74' lang='lat' dir='ltr'>stantis</span> <span class='ocrx_word' id='word_1_10' title='bbox 331 491 407 578; x_wconf 90' lang='lat' dir='ltr'>equi</span> <span class='ocrx_word' id='word_1_11' title='bbox 428 514 543 578; x_wconf 81' lang='lat' dir='ltr'>eorpus</span> <span class='ocrx_word' id='word_1_12' title='bbox 565 500 784 556; x_wconf 81' lang='lat' dir='ltr'>transversum</span> <span class='ocrx_word' id='word_1_13' title='bbox 806 491 888 558; x_wconf 83' lang='lat' dir='ltr'>ferre</span> <span class='ocrx_word' id='word_1_14' title='bbox 910 491 1042 558; x_wconf 80' lang='lat' dir='ltr'>videtur</span> 
     </span>
    </p>

    <p class='ocr_par' dir='ltr' id='par_1_4' title="bbox 193 593 1056 681">
     <span class='ocr_line' id='line_1_4' title="bbox 193 593 1056 681; baseline 0.001 -24"><span class='ocrx_word' id='word_1_15' title='bbox 193 593 240 657; x_wconf 88' lang='lat' dir='ltr'>vis</span> <span class='ocrx_word' id='word_1_16' title='bbox 262 605 297 658; x_wconf 77' lang='lat' dir='ltr'>eo</span> <span class='ocrx_word' id='word_1_17' title='bbox 319 593 354 657; x_wconf 94' lang='lat' dir='ltr'>in</span> <span class='ocrx_word' id='word_1_18' title='bbox 375 593 545 659; x_wconf 80' lang='lat' dir='ltr'>adversum</span> <span class='ocrx_word' id='word_1_19' title='bbox 568 593 692 659; x_wconf 90' lang='lat' dir='ltr'>flumen</span> <span class='ocrx_word' id='word_1_20' title='bbox 713 593 904 663; x_wconf 82' lang='lat' dir='ltr'>oontrudere</span> <span class='ocrx_word' id='word_1_21' title='bbox 925 594 1056 681; x_wconf 77' lang='lat' dir='ltr'>raptim,</span> 
     </span>
    </p>

    <p class='ocr_par' dir='ltr' id='par_1_5' title="bbox 191 696 1017 784">
     <span class='ocr_line' id='line_1_5' title="bbox 191 696 1017 784; baseline 0 -22"><span class='ocrx_word' id='word_1_22' title='bbox 191 705 225 762; x_wconf 76' lang='lat' dir='ltr'>et</span> <span class='ocrx_word' id='word_1_23' title='bbox 248 719 451 784; x_wconf 85' lang='lat' dir='ltr'>quocumque</span> <span class='ocrx_word' id='word_1_24' title='bbox 473 697 581 762; x_wconf 89' lang='lat' dir='ltr'>ooulos</span> <span class='ocrx_word' id='word_1_25' title='bbox 602 696 789 762; x_wconf 78' lang='lat' dir='ltr'>traiecimus</span> <span class='ocrx_word' id='word_1_26' title='bbox 810 697 920 762; x_wconf 81' lang='lat' dir='ltr'>omnia</span> <span class='ocrx_word' id='word_1_27' title='bbox 941 697 1017 762; x_wconf 83' lang='lat' dir='ltr'>ferri</span> 
     </span>
    </p>

    <p class='ocr_par' dir='ltr' id='par_1_6' title="bbox 191 799 954 866">
     <span class='ocr_line' id='line_1_6' title="bbox 191 799 954 866; baseline 0 -1"><span class='ocrx_word' id='word_1_28' title='bbox 191 809 225 866; x_wconf 77' lang='lat' dir='ltr'>el</span> <span class='ocrx_word' id='word_1_29' title='bbox 246 801 347 865; x_wconf 91' lang='lat' dir='ltr'>fluere</span> <span class='ocrx_word' id='word_1_30' title='bbox 369 800 511 865; x_wconf 78' lang='lat' dir='ltr'><strong>adsimili</strong></span> <span class='ocrx_word' id='word_1_31' title='bbox 532 800 625 865; x_wconf 90' lang='lat' dir='ltr'>nobis</span> <span class='ocrx_word' id='word_1_32' title='bbox 646 800 771 865; x_wconf 79' lang='lat' dir='ltr'>rarione</span> <span class='ocrx_word' id='word_1_33' title='bbox 792 799 954 866; x_wconf 77' lang='lat' dir='ltr'>videntur.</span> 
     </span>
    </p>

    <p class='ocr_par' dir='ltr' id='par_1_7' title="bbox 191 905 1012 992">
     <span class='ocr_line' id='line_1_7' title="bbox 191 905 1012 992; baseline 0 -21"><span class='ocrx_word' id='word_1_34' title='bbox 191 905 334 992; x_wconf 81' lang='lat' dir='ltr'>porticus</span> <span class='ocrx_word' id='word_1_35' title='bbox 354 905 482 992; x_wconf 81' lang='lat' dir='ltr'>aequali</span> <span class='ocrx_word' id='word_1_36' title='bbox 504 905 652 991; x_wconf 85' lang='lat' dir='ltr'>quumvis</span> <span class='ocrx_word' id='word_1_37' title='bbox 674 916 725 971; x_wconf 82' lang='lat' dir='ltr'>est</span> <span class='ocrx_word' id='word_1_38' title='bbox 746 905 888 992; x_wconf 87' lang='lat' dir='ltr'>denique</span> <span class='ocrx_word' id='word_1_39' title='bbox 909 905 1012 971; x_wconf 82' lang='lat' dir='ltr'>ductu</span> 
     </span>
    </p>

    <p class='ocr_par' dir='ltr' id='par_1_8' title="bbox 191 1008 1115 1095">
     <span class='ocr_line' id='line_1_8' title="bbox 191 1008 1115 1095; baseline -0.002 -21"><span class='ocrx_word' id='word_1_40' title='bbox 191 1019 343 1095; x_wconf 80' lang='lat' dir='ltr'>stonsque</span> <span class='ocrx_word' id='word_1_41' title='bbox 365 1009 400 1073; x_wconf 92' lang='lat' dir='ltr'>in</span> <span class='ocrx_word' id='word_1_42' title='bbox 422 1017 616 1095; x_wconf 82' lang='lat' dir='ltr'>perpetuum</span> <span class='ocrx_word' id='word_1_43' title='bbox 640 1008 772 1095; x_wconf 80' lang='lat' dir='ltr'>peribus</span> <span class='ocrx_word' id='word_1_44' title='bbox 794 1008 928 1074; x_wconf 75' lang='lat' dir='ltr'>suffulta</span> <span class='ocrx_word' id='word_1_45' title='bbox 950 1008 1115 1085; x_wconf 83' lang='lat' dir='ltr'>columnis,</span> 
     </span>
    </p>

    <p class='ocr_par' dir='ltr' id='par_1_9' title="bbox 191 1112 1097 1200">
     <span class='ocr_line' id='line_1_9' title="bbox 191 1112 1097 1200; baseline 0.002 -24"><span class='ocrx_word' id='word_1_46' title='bbox 191 1112 286 1200; x_wconf 79' lang='lat' dir='ltr'>longa</span> <span class='ocrx_word' id='word_1_47' title='bbox 308 1121 419 1178; x_wconf 81' lang='lat' dir='ltr'>tamen</span> <span class='ocrx_word' id='word_1_48' title='bbox 440 1121 533 1199; x_wconf 80' lang='lat' dir='ltr'>porte</span> <span class='ocrx_word' id='word_1_49' title='bbox 555 1113 597 1178; x_wconf 84' lang='lat' dir='ltr'>ab</span> <span class='ocrx_word' id='word_1_50' title='bbox 619 1135 747 1178; x_wconf 83' lang='lat' dir='ltr'>summo</span> <span class='ocrx_word' id='word_1_51' title='bbox 768 1135 842 1178; x_wconf 89' lang='lat' dir='ltr'>oum</span> <span class='ocrx_word' id='word_1_52' title='bbox 865 1121 936 1178; x_wconf 76' lang='lat' dir='ltr'>totu</span> <span class='ocrx_word' id='word_1_53' title='bbox 958 1112 1097 1190; x_wconf 81' lang='lat' dir='ltr'>videtur,</span> 
     </span>
    </p>

    <p class='ocr_par' dir='ltr' id='par_1_10' title="bbox 192 1215 883 1303">
     <span class='ocr_line' id='line_1_10' title="bbox 192 1215 883 1303; baseline 0.003 -24"><span class='ocrx_word' id='word_1_54' title='bbox 192 1215 349 1300; x_wconf 81' lang='lat' dir='ltr'>paulatim</span> <span class='ocrx_word' id='word_1_55' title='bbox 372 1215 474 1281; x_wconf 79' lang='lat' dir='ltr'>trahil</span> <span class='ocrx_word' id='word_1_56' title='bbox 496 1215 629 1303; x_wconf 73' lang='lat' dir='ltr'>angusti</span> <span class='ocrx_word' id='word_1_57' title='bbox 651 1216 781 1303; x_wconf 77' lang='lat' dir='ltr'>fastigia</span> <span class='ocrx_word' id='word_1_58' title='bbox 802 1215 883 1294; x_wconf 82' lang='lat' dir='ltr'>coni,</span> 
     </span>
    </p>

    <p class='ocr_par' dir='ltr' id='par_1_11' title="bbox 192 1317 1316 1488">
     <span class='ocr_line' id='line_1_11' title="bbox 193 1317 1316 1407; baseline 0.002 -25"><span class='ocrx_word' id='word_1_59' title='bbox 193 1326 280 1382; x_wconf 82' lang='lat' dir='ltr'>tecto</span> <span class='ocrx_word' id='word_1_60' title='bbox 301 1318 368 1382; x_wconf 90' lang='lat' dir='ltr'>solo</span> <span class='ocrx_word' id='word_1_61' title='bbox 389 1317 528 1405; x_wconf 86' lang='lat' dir='ltr'>iungens</span> <span class='ocrx_word' id='word_1_62' title='bbox 548 1327 648 1404; x_wconf 77' lang='lat' dir='ltr'>alque</span> <span class='ocrx_word' id='word_1_63' title='bbox 670 1318 779 1384; x_wconf 85' lang='lat' dir='ltr'>omnia</span> <span class='ocrx_word' id='word_1_64' title='bbox 800 1318 935 1383; x_wconf 78' lang='lat' dir='ltr'>dextero</span> <span class='ocrx_word' id='word_1_65' title='bbox 956 1318 1066 1407; x_wconf 76' lang='lat' dir='ltr'>laevis</span> <span class='ocrx_word' id='word_1_66' title='bbox 1248 1335 1316 1400; x_wconf 87' lang='lat'>430</span> 
     </span>
     <span class='ocr_line' id='line_1_12' title="bbox 192 1421 979 1488; baseline 0.003 -3"><span class='ocrx_word' id='word_1_67' title='bbox 192 1421 291 1485; x_wconf 86' lang='lat' dir='ltr'>donec</span> <span class='ocrx_word' id='word_1_68' title='bbox 314 1421 348 1485; x_wconf 93' lang='lat' dir='ltr'>in</span> <span class='ocrx_word' id='word_1_69' title='bbox 371 1422 541 1486; x_wconf 85' lang='lat' dir='ltr'>obscurum</span> <span class='ocrx_word' id='word_1_70' title='bbox 564 1421 636 1487; x_wconf 87' lang='lat' dir='ltr'>coni</span> <span class='ocrx_word' id='word_1_71' title='bbox 658 1422 813 1487; x_wconf 74' lang='lat' dir='ltr'>conduxit</span> <span class='ocrx_word' id='word_1_72' title='bbox 834 1445 979 1488; x_wconf 80' lang='lat' dir='ltr'>acumen</span> 
     </span>
    </p>

    <p class='ocr_par' dir='ltr' id='par_1_12' title="bbox 191 1524 962 1612">
     <span class='ocr_line' id='line_1_13' title="bbox 191 1524 962 1612; baseline 0 -22"><span class='ocrx_word' id='word_1_73' title='bbox 191 1524 225 1590; x_wconf 91' lang='lat' dir='ltr'>in</span> <span class='ocrx_word' id='word_1_74' title='bbox 247 1525 362 1612; x_wconf 83' lang='lat' dir='ltr'>pelago</span> <span class='ocrx_word' id='word_1_75' title='bbox 383 1525 494 1590; x_wconf 79' lang='lat' dir='ltr'>naulis</span> <span class='ocrx_word' id='word_1_76' title='bbox 515 1549 555 1591; x_wconf 86' lang='lat' dir='ltr'>ex</span> <span class='ocrx_word' id='word_1_77' title='bbox 578 1526 674 1591; x_wconf 84' lang='lat' dir='ltr'>undis</span> <span class='ocrx_word' id='word_1_78' title='bbox 696 1534 785 1591; x_wconf 81' lang='lat' dir='ltr'>ortus</span> <span class='ocrx_word' id='word_1_79' title='bbox 804 1525 842 1610; x_wconf 77' lang='lat' dir='ltr'>in</span> <span class='ocrx_word' id='word_1_80' title='bbox 864 1525 962 1591; x_wconf 92' lang='lat' dir='ltr'>undis</span> 
     </span>
    </p>

    <p class='ocr_par' dir='ltr' id='par_1_13' title="bbox 192 1627 1020 1708">
     <span class='ocr_line' id='line_1_14' title="bbox 192 1627 1020 1708; baseline 0.001 -17"><span class='ocrx_word' id='word_1_81' title='bbox 192 1628 238 1692; x_wconf 88' lang='lat' dir='ltr'>sol</span> <span class='ocrx_word' id='word_1_82' title='bbox 261 1628 299 1692; x_wconf 79' lang='lat' dir='ltr'>fir</span> <span class='ocrx_word' id='word_1_83' title='bbox 322 1627 372 1691; x_wconf 79' lang='lat' dir='ltr'>uli</span> <span class='ocrx_word' id='word_1_84' title='bbox 395 1627 545 1693; x_wconf 75' lang='lat' dir='ltr'>videatur</span> <span class='ocrx_word' id='word_1_85' title='bbox 566 1627 654 1693; x_wconf 90' lang='lat' dir='ltr'>obire</span> <span class='ocrx_word' id='word_1_86' title='bbox 676 1636 711 1693; x_wconf 80' lang='lat' dir='ltr'>et</span> <span class='ocrx_word' id='word_1_87' title='bbox 733 1627 869 1694; x_wconf 83' lang='lat' dir='ltr'>condere</span> <span class='ocrx_word' id='word_1_88' title='bbox 892 1628 1020 1708; x_wconf 88' lang='lat' dir='ltr'>lumen;</span> 
     </span>
    </p>

    <p class='ocr_par' dir='ltr' id='par_1_14' title="bbox 192 1731 1192 1819">
     <span class='ocr_line' id='line_1_15' title="bbox 192 1731 1192 1819; baseline 0.003 -24"><span class='ocrx_word' id='word_1_89' title='bbox 192 1731 313 1816; x_wconf 91' lang='lat' dir='ltr'>quippe</span> <span class='ocrx_word' id='word_1_90' title='bbox 336 1731 393 1796; x_wconf 92' lang='lat' dir='ltr'>ubi</span> <span class='ocrx_word' id='word_1_91' title='bbox 414 1732 461 1796; x_wconf 91' lang='lat' dir='ltr'>nil</span> <span class='ocrx_word' id='word_1_92' title='bbox 483 1731 573 1797; x_wconf 83' lang='lat' dir='ltr'>aliud</span> <span class='ocrx_word' id='word_1_93' title='bbox 594 1733 658 1797; x_wconf 90' lang='lat' dir='ltr'>nisi</span> <span class='ocrx_word' id='word_1_94' title='bbox 680 1755 798 1819; x_wconf 81' lang='lat' dir='ltr'>aquam</span> <span class='ocrx_word' id='word_1_95' title='bbox 821 1733 1010 1818; x_wconf 81' lang='lat' dir='ltr'>caelumque</span> <span class='ocrx_word' id='word_1_96' title='bbox 1033 1740 1192 1815; x_wconf 54' lang='lat' dir='ltr'>tuentum</span> 
     </span>
    </p>

    <p class='ocr_par' dir='ltr' id='par_1_15' title="bbox 192 1834 1313 2025">
     <span class='ocr_line' id='line_1_16' title="bbox 192 1834 1313 1922; baseline 0.002 -23"><span class='ocrx_word' id='word_1_97' title='bbox 192 1859 233 1900; x_wconf 90' lang='lat' dir='ltr'>ne</span> <span class='ocrx_word' id='word_1_98' title='bbox 256 1835 372 1901; x_wconf 71' lang='lat' dir='ltr'>leviter</span> <span class='ocrx_word' id='word_1_99' title='bbox 393 1835 503 1901; x_wconf 85' lang='lat' dir='ltr'>credas</span> <span class='ocrx_word' id='word_1_100' title='bbox 525 1834 713 1901; x_wconf 75' lang='lat' dir='ltr'>labefactari</span> <span class='ocrx_word' id='word_1_101' title='bbox 734 1835 879 1922; x_wconf 92' lang='lat' dir='ltr'>undique</span> <span class='ocrx_word' id='word_1_102' title='bbox 900 1857 1021 1900; x_wconf 78' lang='lat' dir='ltr'>sensus</span> <span class='ocrx_word' id='word_1_103' title='bbox 1250 1852 1313 1918; x_wconf 86' lang='lat'>435</span> 
     </span>
     <span class='ocr_line' id='line_1_17' title="bbox 193 1938 977 2025; baseline 0.004 -24"><span class='ocrx_word' id='word_1_104' title='bbox 193 1946 227 2002; x_wconf 77' lang='lat' dir='ltr'>et</span> <span class='ocrx_word' id='word_1_105' title='bbox 250 1939 348 2003; x_wconf 84' lang='lat' dir='ltr'>maris</span> <span class='ocrx_word' id='word_1_106' title='bbox 369 1938 490 2025; x_wconf 83' lang='lat' dir='ltr'>ignaris</span> <span class='ocrx_word' id='word_1_107' title='bbox 512 1939 547 2003; x_wconf 92' lang='lat' dir='ltr'>in</span> <span class='ocrx_word' id='word_1_108' title='bbox 569 1948 664 2025; x_wconf 73' lang='lat' dir='ltr'>portu</span> <span class='ocrx_word' id='word_1_109' title='bbox 688 1939 803 2004; x_wconf 81' lang='lat' dir='ltr'>clauda</span> <span class='ocrx_word' id='word_1_110' title='bbox 824 1939 977 2005; x_wconf 77' lang='lat' dir='ltr'>videntur</span> 
     </span>
    </p>

    <p class='ocr_par' dir='ltr' id='par_1_16' title="bbox 193 2040 929 2128">
     <span class='ocr_line' id='line_1_18' title="bbox 193 2040 929 2128; baseline 0.004 -24"><span class='ocrx_word' id='word_1_111' title='bbox 193 2040 322 2128; x_wconf 81' lang='lat' dir='ltr'>navigia</span> <span class='ocrx_word' id='word_1_112' title='bbox 343 2042 497 2127; x_wconf 78' lang='lat' dir='ltr'>aplustris</span> <span class='ocrx_word' id='word_1_113' title='bbox 520 2042 629 2107; x_wconf 76' lang='lat' dir='ltr'>sraelis</span> <span class='ocrx_word' id='word_1_114' title='bbox 651 2042 792 2107; x_wconf 71' lang='lat' dir='ltr'>obnitier</span> <span class='ocrx_word' id='word_1_115' title='bbox 814 2043 929 2108; x_wconf 85' lang='lat' dir='ltr'>undae.</span> 
     </span>
    </p>

    <p class='ocr_par' dir='ltr' id='par_1_17' title="bbox 192 2146 1137 2337">
     <span class='ocr_line' id='line_1_19' title="bbox 193 2146 1137 2232; baseline 0.005 -25"><span class='ocrx_word' id='word_1_116' title='bbox 193 2167 268 2208; x_wconf 82' lang='lat' dir='ltr'>nam</span> <span class='ocrx_word' id='word_1_117' title='bbox 291 2166 513 2231; x_wconf 82' lang='lat' dir='ltr'>quoecumque</span> <span class='ocrx_word' id='word_1_118' title='bbox 536 2168 634 2232; x_wconf 82' lang='lat' dir='ltr'>supra</span> <span class='ocrx_word' id='word_1_119' title='bbox 655 2168 757 2211; x_wconf 89' lang='lat' dir='ltr'>rorem</span> <span class='ocrx_word' id='word_1_120' title='bbox 782 2146 858 2211; x_wconf 87' lang='lat' dir='ltr'>solis</span> <span class='ocrx_word' id='word_1_121' title='bbox 879 2146 969 2212; x_wconf 79' lang='lat' dir='ltr'>edita</span> <span class='ocrx_word' id='word_1_122' title='bbox 989 2168 1064 2231; x_wconf 82' lang='lat' dir='ltr'>pars</span> <span class='ocrx_word' id='word_1_123' title='bbox 1086 2153 1137 2212; x_wconf 76' lang='lat' dir='ltr'>est</span> 
     </span>
     <span class='ocr_line' id='line_1_20' title="bbox 192 2249 1067 2337; baseline 0.003 -26"><span class='ocrx_word' id='word_1_124' title='bbox 192 2271 362 2325; x_wconf 88' lang='lat' dir='ltr'>remorum,</span> <span class='ocrx_word' id='word_1_125' title='bbox 384 2257 472 2314; x_wconf 83' lang='lat' dir='ltr'>rocta</span> <span class='ocrx_word' id='word_1_126' title='bbox 495 2257 553 2326; x_wconf 77' lang='lat' dir='ltr'>est,</span> <span class='ocrx_word' id='word_1_127' title='bbox 576 2258 610 2314; x_wconf 79' lang='lat' dir='ltr'>el</span> <span class='ocrx_word' id='word_1_128' title='bbox 632 2259 721 2314; x_wconf 81' lang='lat' dir='ltr'>reeta</span> <span class='ocrx_word' id='word_1_129' title='bbox 742 2272 881 2336; x_wconf 91' lang='lat' dir='ltr'>superne</span> <span class='ocrx_word' id='word_1_130' title='bbox 902 2249 1067 2337; x_wconf 84' lang='lat' dir='ltr'>guberna:</span> 
     </span>
    </p>

    <p class='ocr_par' dir='ltr' id='par_1_18' title="bbox 192 2350 1317 2541">
     <span class='ocr_line' id='line_1_21' title="bbox 193 2350 1317 2437; baseline 0.004 -23"><span class='ocrx_word' id='word_1_131' title='bbox 193 2373 275 2436; x_wconf 84' lang='lat' dir='ltr'>quae</span> <span class='ocrx_word' id='word_1_132' title='bbox 298 2350 444 2415; x_wconf 81' lang='lat' dir='ltr'>demersa</span> <span class='ocrx_word' id='word_1_133' title='bbox 467 2350 623 2437; x_wconf 84' lang='lat' dir='ltr'><strong>liquorem</strong></span> <span class='ocrx_word' id='word_1_134' title='bbox 647 2352 778 2429; x_wconf 74' lang='lat' dir='ltr'>obeunt,</span> <span class='ocrx_word' id='word_1_135' title='bbox 800 2352 937 2417; x_wconf 77' lang='lat' dir='ltr'>refreola</span> <span class='ocrx_word' id='word_1_136' title='bbox 962 2351 1115 2418; x_wconf 81' lang='lat' dir='ltr'>videntur</span> <span class='ocrx_word' id='word_1_137' title='bbox 1248 2371 1317 2434; x_wconf 87' lang='grc'>440</span> 
     </span>
     <span class='ocr_line' id='line_1_22' title="bbox 192 2454 960 2541; baseline 0.004 -24"><span class='ocrx_word' id='word_1_138' title='bbox 192 2454 301 2518; x_wconf 84' lang='lat' dir='ltr'>omnia</span> <span class='ocrx_word' id='word_1_139' title='bbox 322 2455 465 2519; x_wconf 76' lang='lat' dir='ltr'>converti</span> <span class='ocrx_word' id='word_1_140' title='bbox 489 2477 680 2540; x_wconf 84' lang='lat' dir='ltr'>sursumque</span> <span class='ocrx_word' id='word_1_141' title='bbox 703 2455 820 2541; x_wconf 85' lang='lat' dir='ltr'>supina</span> <span class='ocrx_word' id='word_1_142' title='bbox 841 2455 960 2520; x_wconf 74' lang='lat' dir='ltr'>reverti</span> 
     </span>
    </p>

    <p class='ocr_par' dir='ltr' id='par_1_19' title="bbox 193 2557 997 2644">
     <span class='ocr_line' id='line_1_23' title="bbox 193 2557 997 2644; baseline 0.002 -22"><span class='ocrx_word' id='word_1_143' title='bbox 193 2572 226 2622; x_wconf 74' lang='lat' dir='ltr'>ot</span> <span class='ocrx_word' id='word_1_144' title='bbox 249 2557 367 2622; x_wconf 83' lang='lat' dir='ltr'>reflexa</span> <span class='ocrx_word' id='word_1_145' title='bbox 389 2580 487 2643; x_wconf 82' lang='lat' dir='ltr'>prope</span> <span class='ocrx_word' id='word_1_146' title='bbox 510 2557 544 2622; x_wconf 92' lang='lat' dir='ltr'>in</span> <span class='ocrx_word' id='word_1_147' title='bbox 566 2579 692 2622; x_wconf 88' lang='lat' dir='ltr'>summo</span> <span class='ocrx_word' id='word_1_148' title='bbox 715 2558 843 2623; x_wconf 78' lang='lat' dir='ltr'>fluitare</span> <span class='ocrx_word' id='word_1_149' title='bbox 866 2558 997 2644; x_wconf 91' lang='lat' dir='ltr'>liquore.</span> 
     </span>
    </p>

    <p class='ocr_par' dir='ltr' id='par_1_20' title="bbox 193 2660 1054 2746">
     <span class='ocr_line' id='line_1_24' title="bbox 193 2660 1054 2746; baseline 0.003 -23"><span class='ocrx_word' id='word_1_150' title='bbox 193 2683 327 2745; x_wconf 82' lang='lat' dir='ltr'>raraque</span> <span class='ocrx_word' id='word_1_151' title='bbox 351 2683 408 2746; x_wconf 89' lang='lat' dir='ltr'>per</span> <span class='ocrx_word' id='word_1_152' title='bbox 430 2661 556 2725; x_wconf 85' lang='lat' dir='ltr'>caelum</span> <span class='ocrx_word' id='word_1_153' title='bbox 579 2683 652 2724; x_wconf 90' lang='lat' dir='ltr'>oum</span> <span class='ocrx_word' id='word_1_154' title='bbox 676 2660 765 2725; x_wconf 79' lang='lat' dir='ltr'>venti</span> <span class='ocrx_word' id='word_1_155' title='bbox 788 2661 900 2725; x_wconf 82' lang='lat' dir='ltr'>nubila</span> <span class='ocrx_word' id='word_1_156' title='bbox 922 2668 1054 2746; x_wconf 71' lang='lat' dir='ltr'>portant</span> 
     </span>
    </p>

    <p class='ocr_par' dir='ltr' id='par_1_21' title="bbox 193 2762 1101 2850">
     <span class='ocr_line' id='line_1_25' title="bbox 193 2762 1101 2850; baseline 0.001 -23"><span class='ocrx_word' id='word_1_157' title='bbox 193 2772 337 2848; x_wconf 77' lang='lat' dir='ltr'>tompore</span> <span class='ocrx_word' id='word_1_158' title='bbox 360 2773 525 2840; x_wconf 77' lang='lat' dir='ltr'>nocturno,</span> <span class='ocrx_word' id='word_1_159' title='bbox 548 2772 620 2828; x_wconf 78' lang='lat' dir='ltr'>tum</span> <span class='ocrx_word' id='word_1_160' title='bbox 643 2762 811 2848; x_wconf 82' lang='lat' dir='ltr'>splendida</span> <span class='ocrx_word' id='word_1_161' title='bbox 833 2764 926 2850; x_wconf 83' lang='lat' dir='ltr'>signa</span> <span class='ocrx_word' id='word_1_162' title='bbox 947 2763 1101 2829; x_wconf 84' lang='lat' dir='ltr'>videntur</span> 
     </span>
    </p>

    <p class='ocr_par' dir='ltr' id='par_1_22' title="bbox 193 2866 1313 3057">
     <span class='ocr_line' id='line_1_26' title="bbox 193 2866 1313 2955; baseline 0.005 -25"><span class='ocrx_word' id='word_1_163' title='bbox 193 2866 293 2930; x_wconf 81' lang='lat' dir='ltr'>labier</span> <span class='ocrx_word' id='word_1_164' title='bbox 315 2867 484 2931; x_wconf 81' lang='lat' dir='ltr'>adversum</span> <span class='ocrx_word' id='word_1_165' title='bbox 508 2868 634 2932; x_wconf 88' lang='lat' dir='ltr'>nimbos</span> <span class='ocrx_word' id='word_1_166' title='bbox 657 2876 755 2954; x_wconf 82' lang='lat' dir='ltr'>alque</span> <span class='ocrx_word' id='word_1_167' title='bbox 778 2868 824 2933; x_wconf 89' lang='lat' dir='ltr'>ire</span> <span class='ocrx_word' id='word_1_168' title='bbox 847 2892 985 2955; x_wconf 84' lang='lat' dir='ltr'>superne</span> <span class='ocrx_word' id='word_1_169' title='bbox 1248 2885 1313 2950; x_wconf 87' lang='grc'>445</span> 
     </span>
     <span class='ocr_line' id='line_1_27' title="bbox 193 2970 1099 3057; baseline 0.006 -24"><span class='ocrx_word' id='word_1_170' title='bbox 193 2971 287 3056; x_wconf 88' lang='lat' dir='ltr'>longe</span> <span class='ocrx_word' id='word_1_171' title='bbox 310 2970 406 3035; x_wconf 85' lang='lat' dir='ltr'>aliam</span> <span class='ocrx_word' id='word_1_172' title='bbox 429 2971 463 3035; x_wconf 91' lang='lat' dir='ltr'>in</span> <span class='ocrx_word' id='word_1_173' title='bbox 486 2979 611 3057; x_wconf 77' lang='lat' dir='ltr'>partem</span> <span class='ocrx_word' id='word_1_174' title='bbox 635 2994 672 3036; x_wconf 86' lang='lat' dir='ltr'>ao</span> <span class='ocrx_word' id='word_1_175' title='bbox 694 2994 774 3036; x_wconf 82' lang='lat' dir='ltr'>veru</span> <span class='ocrx_word' id='word_1_176' title='bbox 796 2973 921 3038; x_wconf 76' lang='lat' dir='ltr'>ratione</span> <span class='ocrx_word' id='word_1_177' title='bbox 943 2973 1099 3038; x_wconf 79' lang='lat' dir='ltr'>feruntur.</span> 
     </span>
    </p>

    <p class='ocr_par' dir='ltr' id='par_1_23' title="bbox 192 3073 1003 3161">
     <span class='ocr_line' id='line_1_28' title="bbox 192 3073 1003 3161; baseline 0.001 -24"><span class='ocrx_word' id='word_1_178' title='bbox 192 3082 226 3137; x_wconf 79' lang='lat' dir='ltr'>al</span> <span class='ocrx_word' id='word_1_179' title='bbox 249 3073 275 3137; x_wconf 87' lang='lat' dir='ltr'>si</span> <span class='ocrx_word' id='word_1_180' title='bbox 299 3075 380 3137; x_wconf 77' lang='lat' dir='ltr'>forie</span> <span class='ocrx_word' id='word_1_181' title='bbox 403 3074 494 3137; x_wconf 85' lang='lat' dir='ltr'>oculo</span> <span class='ocrx_word' id='word_1_182' title='bbox 517 3097 632 3139; x_wconf 86' lang='lat' dir='ltr'>manus</span> <span class='ocrx_word' id='word_1_183' title='bbox 655 3075 713 3139; x_wconf 92' lang='lat' dir='ltr'>uni</span> <span class='ocrx_word' id='word_1_184' title='bbox 735 3074 868 3140; x_wconf 81' lang='lat' dir='ltr'>subdita</span> <span class='ocrx_word' id='word_1_185' title='bbox 890 3084 1003 3161; x_wconf 80' lang='lat' dir='ltr'>supter</span> 
     </span>
    </p>

    <p class='ocr_par' dir='ltr' id='par_1_24' title="bbox 192 3175 1027 3261">
     <span class='ocr_line' id='line_1_29' title="bbox 192 3175 1027 3261; baseline 0.005 -23"><span class='ocrx_word' id='word_1_186' title='bbox 192 3175 308 3260; x_wconf 71' lang='lat' dir='ltr'>pressio</span> <span class='ocrx_word' id='word_1_187' title='bbox 331 3199 414 3253; x_wconf 88' lang='lat' dir='ltr'>eum,</span> <span class='ocrx_word' id='word_1_188' title='bbox 437 3177 577 3261; x_wconf 76' lang='lat' dir='ltr'>quodam</span> <span class='ocrx_word' id='word_1_189' title='bbox 600 3200 696 3242; x_wconf 88' lang='lat' dir='ltr'>sensu</span> <span class='ocrx_word' id='word_1_190' title='bbox 720 3178 758 3241; x_wconf 79' lang='lat' dir='ltr'>fit</span> <span class='ocrx_word' id='word_1_191' title='bbox 781 3178 831 3242; x_wconf 83' lang='lat' dir='ltr'>uti</span> <span class='ocrx_word' id='word_1_192' title='bbox 855 3178 1027 3244; x_wconf 81' lang='lat' dir='ltr'>videantur</span> 
     </span>
    </p>

    <p class='ocr_par' dir='ltr' id='par_1_25' title="bbox 192 3280 993 3366">
     <span class='ocr_line' id='line_1_30' title="bbox 192 3280 993 3366; baseline 0.006 -24"><span class='ocrx_word' id='word_1_193' title='bbox 192 3280 300 3344; x_wconf 84' lang='lat' dir='ltr'>omnia</span> <span class='ocrx_word' id='word_1_194' title='bbox 322 3303 405 3366; x_wconf 84' lang='lat' dir='ltr'>quoe</span> <span class='ocrx_word' id='word_1_195' title='bbox 428 3281 553 3345; x_wconf 78' lang='lat' dir='ltr'>tuimur</span> <span class='ocrx_word' id='word_1_196' title='bbox 575 3281 645 3345; x_wconf 91' lang='lat' dir='ltr'>fieri</span> <span class='ocrx_word' id='word_1_197' title='bbox 667 3292 740 3346; x_wconf 77' lang='lat' dir='ltr'>lum</span> <span class='ocrx_word' id='word_1_198' title='bbox 763 3282 840 3346; x_wconf 89' lang='lat' dir='ltr'>bina</span> <span class='ocrx_word' id='word_1_199' title='bbox 862 3283 993 3361; x_wconf 77' lang='lat' dir='ltr'>luendo,</span> 
     </span>
    </p>

    <p class='ocr_par' dir='ltr' id='par_1_26' title="bbox 192 3382 974 3451">
     <span class='ocr_line' id='line_1_31' title="bbox 192 3382 974 3451; baseline 0.006 -6"><span class='ocrx_word' id='word_1_200' title='bbox 192 3382 269 3446; x_wconf 81' lang='lat' dir='ltr'>bina</span> <span class='ocrx_word' id='word_1_201' title='bbox 292 3383 494 3447; x_wconf 81' lang='lat' dir='ltr'>lucernarum</span> <span class='ocrx_word' id='word_1_202' title='bbox 518 3385 666 3449; x_wconf 68' lang='lat' dir='ltr'>florentia</span> <span class='ocrx_word' id='word_1_203' title='bbox 689 3386 813 3450; x_wconf 81' lang='lat' dir='ltr'>lumine</span> <span class='ocrx_word' id='word_1_204' title='bbox 835 3387 974 3451; x_wconf 84' lang='lat' dir='ltr'>flammis</span> 
     </span>
    </p>

    <p class='ocr_par' dir='ltr' id='par_1_27' title="bbox 193 3486 988 3576">
     <span class='ocr_line' id='line_1_32' title="bbox 193 3486 988 3576; baseline 0.005 -27"><span class='ocrx_word' id='word_1_205' title='bbox 193 3486 332 3572; x_wconf 85' lang='lat' dir='ltr'>binaque</span> <span class='ocrx_word' id='word_1_206' title='bbox 355 3509 413 3572; x_wconf 88' lang='lat' dir='ltr'>per</span> <span class='ocrx_word' id='word_1_207' title='bbox 435 3496 522 3551; x_wconf 77' lang='lat' dir='ltr'>lotas</span> <span class='ocrx_word' id='word_1_208' title='bbox 544 3487 633 3552; x_wconf 81' lang='lat' dir='ltr'>aedis</span> <span class='ocrx_word' id='word_1_209' title='bbox 655 3489 820 3574; x_wconf 84' lang='lat' dir='ltr'>geminare</span> <span class='ocrx_word' id='word_1_210' title='bbox 843 3490 988 3576; x_wconf 84' lang='lat' dir='ltr'>supellex</span> 
     </span>
    </p>

    <p class='ocr_par' dir='ltr' id='par_1_28' title="bbox 193 3588 1012 3678">
     <span class='ocr_line' id='line_1_33' title="bbox 193 3588 1012 3678; baseline 0.007 -27"><span class='ocrx_word' id='word_1_211' title='bbox 193 3596 226 3651; x_wconf 79' lang='lat' dir='ltr'>el</span> <span class='ocrx_word' id='word_1_212' title='bbox 249 3588 387 3674; x_wconf 88' lang='lat' dir='ltr'>duplicis</span> <span class='ocrx_word' id='word_1_213' title='bbox 409 3589 577 3654; x_wconf 88' lang='lat' dir='ltr'>hominum</span> <span class='ocrx_word' id='word_1_214' title='bbox 601 3591 696 3655; x_wconf 81' lang='lat' dir='ltr'>facies</span> <span class='ocrx_word' id='word_1_215' title='bbox 719 3600 753 3656; x_wconf 80' lang='lat' dir='ltr'>et</span> <span class='ocrx_word' id='word_1_216' title='bbox 776 3615 906 3678; x_wconf 83' lang='lat' dir='ltr'>corpora</span> <span class='ocrx_word' id='word_1_217' title='bbox 927 3592 1012 3657; x_wconf 76' lang='lat' dir='ltr'>binu</span> 
     </span>
    </p>
   </div>
   <div class='ocr_carea' id='block_1_3' title="bbox 105 3812 1317 4450">
    <p class='ocr_par' dir='ltr' id='par_1_29' title="bbox 105 3812 1317 4371">
     <span class='ocr_line' id='line_1_34' title="bbox 105 3812 1317 3884; baseline 0.007 -22"><span class='ocrx_word' id='word_1_218' title='bbox 105 3812 128 3862; x_wconf 94' lang='lat' dir='ltr'>is</span> <span class='ocrx_word' id='word_1_219' title='bbox 140 3828 210 3863; x_wconf 88' lang='lat' dir='ltr'>some</span> <span class='ocrx_word' id='word_1_220' title='bbox 220 3829 325 3865; x_wconf 78' lang='lat' dir='ltr'>reason:</span> <span class='ocrx_word' id='word_1_221' title='bbox 343 3818 370 3864; x_wconf 81' lang='lat' dir='ltr'>to</span> <span class='ocrx_word' id='word_1_222' title='bbox 385 3831 427 3865; x_wconf 89' lang='lat' dir='ltr'>me</span> <span class='ocrx_word' id='word_1_223' title='bbox 437 3815 529 3866; x_wconf 86' lang='lat' dir='ltr'>indeed</span> <span class='ocrx_word' id='word_1_224' title='bbox 539 3816 561 3866; x_wconf 82' lang='lat' dir='ltr'>it</span> <span class='ocrx_word' id='word_1_225' title='bbox 572 3816 595 3865; x_wconf 87' lang='lat' dir='ltr'>is</span> <span class='ocrx_word' id='word_1_226' title='bbox 607 3831 622 3866; x_wconf 79' lang='lat' dir='ltr'>u</span> <span class='ocrx_word' id='word_1_227' title='bbox 633 3817 778 3867; x_wconf 82' lang='lat' dir='ltr'>conclusive</span> <span class='ocrx_word' id='word_1_228' title='bbox 790 3833 847 3868; x_wconf 86' lang='lat' dir='ltr'>one.</span> <span class='ocrx_word' id='word_1_229' title='bbox 880 3818 971 3868; x_wconf 79' lang='lat' dir='ltr'><strong>Lamb.</strong></span> <span class='ocrx_word' id='word_1_230' title='bbox 983 3817 1059 3868; x_wconf 76' lang='lat' dir='ltr'>reads</span> <span class='ocrx_word' id='word_1_231' title='bbox 1067 3820 1152 3868; x_wconf 81' lang='lat' dir='ltr'>uidere</span> <span class='ocrx_word' id='word_1_232' title='bbox 1164 3825 1188 3868; x_wconf 82' lang='lat' dir='ltr'>et</span> <span class='ocrx_word' id='word_1_233' title='bbox 1201 3820 1317 3884; x_wconf 79' lang='lat' dir='ltr'>Gorporu</span> 
     </span>
     <span class='ocr_line' id='line_1_35' title="bbox 106 3896 1315 3962; baseline 0.007 -20"><span class='ocrx_word' id='word_1_234' title='bbox 106 3897 221 3945; x_wconf 77' lang='lat' dir='ltr'>mirando</span> <span class='ocrx_word' id='word_1_235' title='bbox 236 3911 255 3945; x_wconf 76' lang='lat' dir='ltr'>s.</span> <span class='ocrx_word' id='word_1_236' title='bbox 271 3903 290 3945; x_wconf 76' lang='lat' dir='ltr'>t.</span> <span class='ocrx_word' id='word_1_237' title='bbox 302 3912 327 3945; x_wconf 84' lang='lat' dir='ltr'>a.</span> <span class='ocrx_word' id='word_1_238' title='bbox 339 3911 361 3946; x_wconf 85' lang='lat' dir='ltr'>r.</span> <span class='ocrx_word' id='word_1_239' title='bbox 373 3896 420 3945; x_wconf 83' lang='lat' dir='ltr'>but</span> <span class='ocrx_word' id='word_1_240' title='bbox 431 3896 459 3945; x_wconf 90' lang='lat' dir='ltr'>in</span> <span class='ocrx_word' id='word_1_241' title='bbox 470 3897 511 3946; x_wconf 85' lang='lat' dir='ltr'>ed.</span> <span class='ocrx_word' id='word_1_242' title='bbox 524 3900 539 3946; x_wconf 82' lang='lat'>3</span> <span class='ocrx_word' id='word_1_243' title='bbox 551 3898 584 3947; x_wconf 93' lang='lat' dir='ltr'>he</span> <span class='ocrx_word' id='word_1_244' title='bbox 596 3897 704 3947; x_wconf 86' lang='lat' dir='ltr'>obelises</span> <span class='ocrx_word' id='word_1_245' title='bbox 715 3906 740 3948; x_wconf 80' lang='lat' dir='ltr'>et</span> <span class='ocrx_word' id='word_1_246' title='bbox 751 3899 804 3948; x_wconf 84' lang='lat' dir='ltr'>and</span> <span class='ocrx_word' id='word_1_247' title='bbox 815 3899 860 3949; x_wconf 84' lang='lat' dir='ltr'>the</span> <span class='ocrx_word' id='word_1_248' title='bbox 871 3899 1002 3962; x_wconf 81' lang='lat' dir='ltr'>following</span> <span class='ocrx_word' id='word_1_249' title='bbox 1012 3914 1091 3950; x_wconf 86' lang='lat' dir='ltr'>verse.</span> <span class='ocrx_word' id='word_1_250' title='bbox 1266 3901 1315 3951; x_wconf 79' lang='lat'>421</span> 
     </span>
     <span class='ocr_line' id='line_1_36' title="bbox 106 3976 1313 4044; baseline 0.008 -20"><span class='ocrx_word' id='word_1_251' title='bbox 106 3977 261 4038; x_wconf 75' lang='lat' dir='ltr'>despeximus</span> <span class='ocrx_word' id='word_1_252' title='bbox 272 3976 340 4025; x_wconf 87' lang='lat' dir='ltr'>Flor.</span> <span class='ocrx_word' id='word_1_253' title='bbox 353 3977 384 4026; x_wconf 86' lang='grc'>31</span> <span class='ocrx_word' id='word_1_254' title='bbox 397 3978 484 4029; x_wconf 74' lang='lat' dir='ltr'>(lomb.</span> <span class='ocrx_word' id='word_1_255' title='bbox 499 3978 557 4029; x_wconf 84' lang='lat' dir='ltr'>Ver.</span> <span class='ocrx_word' id='word_1_256' title='bbox 572 3978 636 4028; x_wconf 88' lang='lat' dir='ltr'>Ven.</span> <span class='ocrx_word' id='word_1_257' title='bbox 649 3980 713 4031; x_wconf 79' lang='lat' dir='ltr'>Mer.</span> <span class='ocrx_word' id='word_1_258' title='bbox 728 3979 768 4029; x_wconf 81' lang='lat' dir='ltr'>ior</span> <span class='ocrx_word' id='word_1_259' title='bbox 779 3983 940 4044; x_wconf 66' lang='lat' dir='ltr'>disponimus.</span> <span class='ocrx_word' id='word_1_260' title='bbox 1045 3981 1093 4031; x_wconf 85' lang='grc'>436</span> <span class='ocrx_word' id='word_1_261' title='bbox 1103 3983 1139 4030; x_wconf 76' lang='lat' dir='ltr'>Ar</span> <span class='ocrx_word' id='word_1_262' title='bbox 1148 3983 1229 4032; x_wconf 70' lang='lat' dir='ltr'>neuris</span> <span class='ocrx_word' id='word_1_263' title='bbox 1240 3983 1313 4034; x_wconf 85' lang='lat' dir='ltr'>Nieo.</span> 
     </span>
     <span class='ocr_line' id='line_1_37' title="bbox 106 4058 1315 4126; baseline 0.007 -20"><span class='ocrx_word' id='word_1_264' title='bbox 106 4058 135 4108; x_wconf 95' lang='lat' dir='ltr'>B.</span> <span class='ocrx_word' id='word_1_265' title='bbox 150 4073 214 4109; x_wconf 89' lang='lat' dir='ltr'>oorr.</span> <span class='ocrx_word' id='word_1_266' title='bbox 227 4059 267 4108; x_wconf 83' lang='lat' dir='ltr'>sor</span> <span class='ocrx_word' id='word_1_267' title='bbox 277 4061 385 4110; x_wconf 71' lang='lat' dir='ltr'>Amoris.</span> <span class='ocrx_word' id='word_1_268' title='bbox 532 4061 580 4111; x_wconf 84' lang='grc'>437</span> <span class='ocrx_word' id='word_1_269' title='bbox 592 4063 687 4124; x_wconf 65' lang='lat' dir='ltr'>fruetis</span> <span class='ocrx_word' id='word_1_270' title='bbox 698 4061 766 4114; x_wconf 81' lang='lat' dir='ltr'>Flor.</span> <span class='ocrx_word' id='word_1_271' title='bbox 781 4064 811 4111; x_wconf 82' lang='lat'>31</span> <span class='ocrx_word' id='word_1_272' title='bbox 824 4064 889 4112; x_wconf 81' lang='lat' dir='ltr'>Mer.</span> <span class='ocrx_word' id='word_1_273' title='bbox 901 4063 941 4112; x_wconf 86' lang='lat' dir='ltr'>for</span> <span class='ocrx_word' id='word_1_274' title='bbox 953 4065 1050 4126; x_wconf 76' lang='lat' dir='ltr'>suetas.</span> <span class='ocrx_word' id='word_1_275' title='bbox 1082 4065 1166 4114; x_wconf 76' lang='lat' dir='ltr'>undae</span> <span class='ocrx_word' id='word_1_276' title='bbox 1177 4063 1261 4115; x_wconf 74' lang='lat' dir='ltr'>nauh.</span> <span class='ocrx_word' id='word_1_277' title='bbox 1273 4067 1315 4116; x_wconf 80' lang='lat' dir='ltr'>for</span> 
     </span>
     <span class='ocr_line' id='line_1_38' title="bbox 106 4143 1316 4210; baseline 0.01 -21"><span class='ocrx_word' id='word_1_278' title='bbox 106 4143 196 4191; x_wconf 71' lang='lat' dir='ltr'>erudas.</span> <span class='ocrx_word' id='word_1_279' title='bbox 229 4144 305 4192; x_wconf 76' lang='lat' dir='ltr'>undis</span> <span class='ocrx_word' id='word_1_280' title='bbox 316 4143 383 4204; x_wconf 82' lang='lat' dir='ltr'>vulg.</span> <span class='ocrx_word' id='word_1_281' title='bbox 485 4143 534 4192; x_wconf 87' lang='grc'>440</span> <span class='ocrx_word' id='word_1_282' title='bbox 545 4145 667 4205; x_wconf 80' lang='lat' dir='ltr'>liquorem</span> <span class='ocrx_word' id='word_1_283' title='bbox 678 4145 756 4197; x_wconf 74' lang='lat' dir='ltr'>Iruoh.</span> <span class='ocrx_word' id='word_1_284' title='bbox 771 4146 811 4195; x_wconf 84' lang='lat' dir='ltr'>for</span> <span class='ocrx_word' id='word_1_285' title='bbox 822 4148 925 4210; x_wconf 78' lang='lat' dir='ltr'>liqruore.</span> <span class='ocrx_word' id='word_1_286' title='bbox 1043 4147 1092 4196; x_wconf 85' lang='grc'>446</span> <span class='ocrx_word' id='word_1_287' title='bbox 1102 4163 1133 4198; x_wconf 83' lang='lat' dir='ltr'>uo</span> <span class='ocrx_word' id='word_1_288' title='bbox 1142 4163 1203 4198; x_wconf 81' lang='lat' dir='ltr'>veru</span> <span class='ocrx_word' id='word_1_289' title='bbox 1214 4153 1316 4200; x_wconf 76' lang='lat' dir='ltr'>rationo</span> 
     </span>
     <span class='ocr_line' id='line_1_39' title="bbox 106 4221 1316 4291; baseline 0.009 -21"><span class='ocrx_word' id='word_1_290' title='bbox 106 4221 141 4270; x_wconf 86' lang='lat' dir='ltr'>Is.</span> <span class='ocrx_word' id='word_1_291' title='bbox 153 4222 226 4273; x_wconf 87' lang='lat' dir='ltr'>Voss.</span> <span class='ocrx_word' id='word_1_292' title='bbox 246 4222 275 4271; x_wconf 88' lang='lat' dir='ltr'>in</span> <span class='ocrx_word' id='word_1_293' title='bbox 291 4237 340 4274; x_wconf 86' lang='lat' dir='ltr'>ms.</span> <span class='ocrx_word' id='word_1_294' title='bbox 358 4225 434 4272; x_wconf 78' lang='lat' dir='ltr'>noles</span> <span class='ocrx_word' id='word_1_295' title='bbox 450 4222 491 4273; x_wconf 81' lang='lat' dir='ltr'>ior</span> <span class='ocrx_word' id='word_1_296' title='bbox 506 4239 570 4287; x_wconf 77' lang='lat' dir='ltr'>oque</span> <span class='ocrx_word' id='word_1_297' title='bbox 587 4227 701 4275; x_wconf 77' lang='lat' dir='ltr'>ratione:</span> <span class='ocrx_word' id='word_1_298' title='bbox 719 4226 763 4275; x_wconf 81' lang='lat' dir='ltr'>the</span> <span class='ocrx_word' id='word_1_299' title='bbox 780 4227 861 4276; x_wconf 86' lang='lat' dir='ltr'>soribe</span> <span class='ocrx_word' id='word_1_300' title='bbox 877 4231 955 4277; x_wconf 81' lang='lat' dir='ltr'>wrote</span> <span class='ocrx_word' id='word_1_301' title='bbox 971 4243 1002 4278; x_wconf 85' lang='lat' dir='ltr'>ro</span> <span class='ocrx_word' id='word_1_302' title='bbox 1018 4227 1080 4290; x_wconf 83' lang='lat' dir='ltr'>only</span> <span class='ocrx_word' id='word_1_303' title='bbox 1095 4242 1172 4278; x_wconf 78' lang='lat' dir='ltr'>onoer</span> <span class='ocrx_word' id='word_1_304' title='bbox 1191 4229 1316 4291; x_wconf 79' lang='lat' dir='ltr'>‘quidem</span> 
     </span>
     <span class='ocr_line' id='line_1_40' title="bbox 106 4303 1199 4371; baseline 0.008 -19"><span class='ocrx_word' id='word_1_305' title='bbox 106 4304 221 4354; x_wconf 86' lang='lat' dir='ltr'>codiees&#39;</span> <span class='ocrx_word' id='word_1_306' title='bbox 233 4320 293 4368; x_wconf 80' lang='lat' dir='ltr'>says</span> <span class='ocrx_word' id='word_1_307' title='bbox 305 4304 415 4354; x_wconf 81' lang='lat' dir='ltr'>Greeoh:</span> <span class='ocrx_word' id='word_1_308' title='bbox 433 4303 491 4354; x_wconf 80' lang='lat' dir='ltr'>thol</span> <span class='ocrx_word' id='word_1_309' title='bbox 502 4304 526 4353; x_wconf 92' lang='lat' dir='ltr'>is</span> <span class='ocrx_word' id='word_1_310' title='bbox 537 4304 570 4354; x_wconf 92' lang='lat' dir='ltr'>he</span> <span class='ocrx_word' id='word_1_311' title='bbox 580 4304 632 4354; x_wconf 83' lang='lat' dir='ltr'>hod</span> <span class='ocrx_word' id='word_1_312' title='bbox 642 4305 723 4356; x_wconf 77' lang='lat' dir='ltr'>heard</span> <span class='ocrx_word' id='word_1_313' title='bbox 734 4306 872 4371; x_wconf 81' lang='lat' dir='ltr'>indireotly</span> <span class='ocrx_word' id='word_1_314' title='bbox 882 4310 911 4358; x_wconf 82' lang='lat' dir='ltr'>of</span> <span class='ocrx_word' id='word_1_315' title='bbox 920 4309 1036 4359; x_wconf 86' lang='lat' dir='ltr'>Vossius’</span> <span class='ocrx_word' id='word_1_316' title='bbox 1046 4309 1199 4361; x_wconf 83' lang='lat' dir='ltr'>oorreolion.</span> 
     </span>
    </p>

    <p class='ocr_par' dir='ltr' id='par_1_30' title="bbox 139 4384 1314 4450">
     <span class='ocr_line' id='line_1_41' title="bbox 139 4384 1314 4450; baseline 0.01 -16"><span class='ocrx_word' id='word_1_317' title='bbox 139 4388 186 4436; x_wconf 84' lang='grc'>448</span> <span class='ocrx_word' id='word_1_318' title='bbox 196 4388 232 4450; x_wconf 71' lang='lat' dir='ltr'>fit</span> <span class='ocrx_word' id='word_1_319' title='bbox 242 4389 283 4436; x_wconf 80' lang='lat' dir='ltr'>uti</span> <span class='ocrx_word' id='word_1_320' title='bbox 294 4386 359 4436; x_wconf 80' lang='lat' dir='ltr'>Mor.</span> <span class='ocrx_word' id='word_1_321' title='bbox 371 4386 445 4436; x_wconf 81' lang='lat' dir='ltr'>Junl.</span> <span class='ocrx_word' id='word_1_322' title='bbox 457 4384 538 4448; x_wconf 77' lang='lat' dir='ltr'>forfit</span> <span class='ocrx_word' id='word_1_323' title='bbox 549 4393 586 4435; x_wconf 79' lang='lat' dir='ltr'>ut.</span> <span class='ocrx_word' id='word_1_324' title='bbox 723 4390 771 4440; x_wconf 85' lang='grc'>456</span> <span class='ocrx_word' id='word_1_325' title='bbox 788 4391 902 4439; x_wconf 82' lang='lat' dir='ltr'>videmur</span> <span class='ocrx_word' id='word_1_326' title='bbox 913 4391 977 4442; x_wconf 77' lang='lat' dir='ltr'>Mur.</span> <span class='ocrx_word' id='word_1_327' title='bbox 991 4390 1048 4442; x_wconf 83' lang='lat' dir='ltr'>Ald.</span> <span class='ocrx_word' id='word_1_328' title='bbox 1064 4391 1078 4440; x_wconf 89' lang='lat'>1</span> <span class='ocrx_word' id='word_1_329' title='bbox 1089 4391 1163 4441; x_wconf 82' lang='lat' dir='ltr'>Junt.</span> <span class='ocrx_word' id='word_1_330' title='bbox 1175 4392 1217 4441; x_wconf 79' lang='lat' dir='ltr'>ior</span> <span class='ocrx_word' id='word_1_331' title='bbox 1227 4396 1314 4446; x_wconf 74' lang='lat' dir='ltr'>uideu-</span> 
     </span>
    </p>
   </div>
   <div class='ocr_carea' id='block_1_4' title="bbox 0 0 1424 4792">
    <p class='ocr_par' dir='ltr' id='par_1_31' title="bbox 0 0 1424 4792">
     <span class='ocr_line' id='line_1_42' title="bbox 0 0 1424 4792; baseline 0 0"><span class='ocrx_word' id='word_1_332' title='bbox 0 0 1424 4792; x_wconf 95' lang='lat' dir='ltr'> </span> 
     </span>
    </p>
   </div>
  </div>
 </body>
</html>
