2834 4792
669 223 700 286 V
1219 244 1281 308 243

162 383 282 468 nequid
306 383 347 448 ob
369 384 545 448 admissum
568 383 659 448 foede
682 385 846 451 dictumve
869 386 1006 472 superbe

161 509 337 573 poenarum
360 510 458 574 grave
476 473 524 552 ¹sit
548 488 692 554 solvendi
716 499 845 579 ternpus
868 490 1043 556 adultum?
1201 509 1278 574 1225

160 610 288 655 summa
310 591 410 656 etiarn
432 613 506 656 cum
531 591 579 656 vis
601 592 735 657 'violenti
758 615 816 679 per
838 616 926 658 mare
948 595 1040 659 venti

161 693 423 780 induperatorem
446 695 555 759 classis
578 717 674 780 super
696 718 835 782 aequora
859 697 960 761 verrit

160 821 235 862 cum
259 799 374 864 validis
395 799 517 885 pariter
539 799 721 885 legionibus
743 810 843 886 atque
866 801 1057 886 elephantis,

162 925 228 966 non
249 903 358 968 divom
382 925 493 989 pacem
517 903 601 968 votis
622 904 692 968 adit
714 926 752 969 ac
774 927 868 990 prece
891 905 1019 991 quaesit

163 1013 333 1070 ventorum
355 1006 493 1092 pavidus
515 1029 609 1092 paces
631 1007 819 1094 animasque
841 1009 1007 1085 secundas,
1202 1027 1283 1090 1230

164 1108 372 1193 nequiquam,
395 1109 547 1194 quoniam
571 1109 711 1174 violento
734 1110 864 1174 turbine
887 1133 982 1197 saepe

163 1221 329 1297 correptus
351 1212 417 1276 nilo
440 1213 544 1277 fertur
566 1212 673 1277 minus
696 1212 737 1278 ad
760 1213 842 1278 vada
864 1214 947 1279 leti?

163 1314 367 1398 usqueadeo
390 1336 440 1378 res
462 1314 620 1378 humanas
643 1315 691 1379 vis
714 1315 827 1380 abdita
848 1315 1008 1400 quaedam

160 1417 283 1502 opterit
306 1426 340 1482 et
362 1417 513 1502 pulchros
536 1417 629 1483 fascis
652 1440 826 1504 saevasque
849 1442 975 1484 secures

162 1521 345 1605 proculcare
368 1543 405 1584 ac
428 1521 567 1586 ludibrio
589 1521 652 1586 sibi
674 1523 792 1588 habere
816 1525 952 1590 videtur.
1203 1539 1280 1606 1235

160 1624 302 1710 denique
324 1625 385 1690 sub
408 1625 545 1711 pedibus
567 1627 664 1691 tellus
687 1649 761 1691 cum
784 1634 855 1692 tota
876 1628 1007 1693 vacillat

165 1750 400 1815 concussaeque
422 1729 543 1795 cadunt
565 1732 661 1795 urbes
683 1730 866 1816 dubiaeque
889 1732 1062 1810 minantur,

166 1833 245 1917 quid
267 1832 386 1896 mirum
408 1833 437 1898 si
459 1855 493 1897 se
516 1842 669 1898 temnunt
691 1836 840 1899 mortalia
862 1837 966 1901 saecla

163 1942 263 2021 atque
285 1937 457 2021 potestatis
479 1958 613 2023 magnas
636 1938 796 2023 mirasque
819 1939 984 2025 relinqunt
1331 2024 1333 2027 .

165 2039 200 2102 in
221 2040 318 2103 rebus
339 2039 417 2104 viris
439 2039 560 2118 divum,
583 2063 666 2125 quae
689 2050 806 2106 cuncta
827 2043 1038 2128 gubernent?
1202 2062 1285 2124 1240

209 2141 303 2222 Quod
326 2152 482 2228 superest,
504 2166 558 2209 aes
581 2154 679 2231 utque
700 2169 816 2210 aurum
840 2148 1025 2232 ferrumque
1047 2156 1244 2234 repertumst

165 2253 200 2309 et
222 2245 319 2310 simul
341 2248 469 2334 argenti
491 2248 624 2338 pondus
639 2249 830 2335 plumbique
852 2258 1004 2335 potestas,

164 2348 249 2436 ignis
272 2349 329 2413 ubi
351 2350 495 2437 ingentis
518 2351 614 2415 silvas
636 2352 748 2416 ardore
771 2362 928 2417 cremarat

165 2452 330 2516 montibus
352 2453 387 2516 in
409 2454 543 2541 magnis,
566 2476 623 2518 seu
647 2455 727 2519 caeli
749 2456 884 2520 fulmine
907 2456 1012 2533 misso,

164 2557 232 2620 sive
255 2556 340 2642 quod
363 2557 450 2622 inter
471 2580 504 2621 se
527 2558 649 2622 bellum
672 2559 818 2624 silvestre
839 2568 990 2646 gerentes
1203 2576 1279 2641 1245
1347 2569 1348 2572 ’

166 2660 313 2725 hostibus
335 2661 514 2726 intulerant
537 2662 646 2748 ignem
669 2662 848 2727 formidinis
871 2685 955 2749 ergo,

164 2764 231 2827 sive
255 2763 340 2850 quod
362 2764 489 2829 inducti
511 2772 615 2828 terrae
639 2766 784 2830 bonitate
807 2766 960 2829 volebant

164 2867 305 2953 pandere
327 2890 419 2954 agros
442 2869 572 2954 pinguis
596 2876 630 2933 et
652 2891 771 2954 pascua
793 2870 927 2935 reddere
949 2892 1032 2947 rura,

165 2971 232 3034 sive
255 2971 338 3034 feras
360 2970 540 3037 interficere
563 2980 596 3035 et
619 2971 775 3037 ditescere
797 2974 924 3058 praeda.

166 3097 242 3138 nam
264 3075 355 3138 fovea
377 3082 476 3160 atque
499 3075 568 3162 igni
591 3076 680 3160 prius
702 3084 753 3141 est
774 3078 921 3141 venarier
944 3084 1052 3140 ortum
1202 3091 1284 3158 1250

165 3200 264 3263 quam
286 3178 410 3263 saepire
433 3179 536 3265 plagis
560 3179 678 3243 saltum
701 3180 899 3265 canibusque
923 3181 1014 3245 ciere.

166 3280 324 3366 quidquid
346 3281 380 3345 id
403 3290 461 3356 est,
484 3304 687 3367 quacumque
710 3305 728 3346 e
751 3305 847 3347 causa
869 3283 1038 3347 flammeus
1060 3281 1154 3346 ardor

116 3478 138 3530 d.
151 3482 164 3528 l
176 3482 251 3530 Junt.
259 3481 317 3531 first
327 3481 368 3531 101
379 3483 511 3532 Fulmiui.·
534 3483 649 3531 Fulmina
661 3481 732 3532 Nice.
765 3483 880 3531 Fulmiue
893 3483 1003 3531 terribili
1014 3480 1084 3532 Flor.
1098 3482 1138 3532 31.
1219 3481 1283 3529 1224

116 3563 270 3624 1001011001.
282 3563 322 3613 101
333 3565 453 3626 Nequod:
472 3578 487 3612 a
499 3578 635 3625 necessary
646 3563 753 3626 change,
765 3564 786 3612 il
796 3563 817 3613 it
829 3563 851 3612 is
862 3562 951 3625 joined
962 3562 1025 3612 with
1036 3565 1177 3612 admissum.

116 3645 175 3694 1225
195 3648 310 3695 adultam
328 3646 409 3696 Lach.
427 3646 467 3696 ior
488 3649 630 3696 adductum.
666 3648 785 3696 adactum
804 3645 881 3695 Pont.
900 3645 965 3694 Mar.
983 3643 1042 3693 Ald.
1060 3645 1074 3692 1
1095 3643 1166 3693 Junt.
1188 3643 1280 3694 Lsmh.

116 3741 131 3778 s.
248 3728 311 3778 1226
329 3731 431 3778 Summa
442 3729 463 3777 F
474 3744 512 3778 or.
524 3730 556 3778 31
568 3728 633 3778 Mar.
646 3728 704 3777 Ald.
717 3729 731 3776 1
743 3729 759 3777 J
760 3731 815 3778 unt.
831 3728 871 3777 101
883 3729 990 3776 Summe.
1105 3726 1168 3776 1229
1185 3727 1243 3775 odit
1253 3741 1283 3776 00

116 3809 230 3859 1001101.
242 3811 274 3858 31
286 3809 375 3859 camb.
388 3810 453 3860 Mar.
465 3811 506 3859 for
516 3812 679 3873 0011001000.
779 3810 843 3858 1230
853 3807 973 3858 enclosed
984 3807 1018 3869 by
1028 3806 1108 3855 Lach.
1120 3806 1149 3855 in
1161 3809 1171 3868 [
1181 3809 1198 3869 ].

115 3891 175 3942 1237
194 3891 340 3953 dubiaeque.
377 3892 496 3940 dubiusve
508 3891 606 3940 Bentl.:
624 3890 671 3939 but
682 3905 723 3939 see
735 3891 845 3940 1101112.
949 3888 1012 3937 1241
1029 3894 1139 3950 superest
1154 3903 1196 3936 000
1208 3896 1283 3950 atque

116 3986 169 4020 rum
180 3971 245 4020 Mar.
256 3970 314 4021 Ald.
328 3971 341 4020 1
354 3971 427 4022 Junt.
439 3971 479 4020 101
489 3978 600 4034 superest
612 3986 798 4035 aequaturum.
939 3969 1003 4017 1244
1015 3971 1080 4018 caeli
1087 3969 1197 4030 fulmine
1208 3972 1282 4020 misso

116 4067 199 4102 10011.
211 4053 281 4102 Nico.
293 4053 329 4102 all
338 4053 405 4108 later
415 4068 477 4104 mss.
492 4054 545 4103 and
556 4053 622 4103 eds:
641 4055 708 4103 00010
719 4053 742 4102 A
752 4067 820 4115 pm.
830 4052 914 4103 alone.
950 4053 1015 4100 caeli
1026 4051 1049 4100 is
1060 4049 1132 4112 quite
1143 4049 1224 4113 right:
1243 4066 1284 4101 100

117 4136 157 4186 89.
191 4138 259 4185 00010
270 4135 349 4186 110011.
361 4135 419 4185 who
433 4150 492 4198 says
507 4139 604 4198 ‘neque
619 4135 683 4184 dixit
698 4134 761 4185 alibi
775 4133 911 4184 Lucretius
924 4134 1023 4196 fulmeu
1038 4133 1111 4190 caeli,
1124 4130 1169 4180 sed
1180 4134 1284 4194 plagam

116 4217 143 4264 di
160 4229 239 4277 supra
255 4216 342 4267 1095’:
360 4215 407 4265 but
424 4215 483 4279 why
499 4215 542 4265 his
559 4230 623 4264 once
639 4214 717 4277 using
730 4217 811 4278 playa
827 4215 900 4274 caeli,
916 4211 1010 4262 should
1024 4215 1130 4275 prevent
1143 4211 1200 4261 him
1215 4213 1282 4262 110111

116 4298 151 4348 ice
173 4297 250 4360 using
267 4300 367 4361 sulmeu
387 4301 462 4358 caeli,
484 4313 529 4360 my
551 4297 625 4347 mind
647 4301 742 4347 cannot
764 4295 945 4360 comprehend.
1060 4295 1123 4343 1252
1143 4295 1283 4358 Quidquid.

116 4382 208 4446 inquid
223 4381 280 4440 AB;
297 4381 350 4432 and
365 4396 394 4431 so
409 4380 455 4432 the
469 4381 511 4431 lex
527 4380 624 4430 Rubria
640 4380 671 4430 26
687 4379 740 4431 and
756 4379 801 4429 the
814 4377 919 4429 ancient
931 4375 984 4427 and
996 4375 1049 4426 1010
1060 4389 1109 4425 ms.
1121 4375 1149 4424 of
1159 4375 1224 4438 Livy
1235 4391 1285 4427 xnv

1090 4461 1195 4524 16-2
