<?xml version="1.0" encoding="UTF-8"?>
<!DOCTYPE html PUBLIC "-//W3C//DTD XHTML 1.0 Transitional//EN"
    "http://www.w3.org/TR/xhtml1/DTD/xhtml1-transitional.dtd">
<html xmlns="http://www.w3.org/1999/xhtml" xml:lang="en" lang="en">
 <head>
  <title>
</title>
<meta http-equiv="Content-Type" content="text/html;charset=utf-8" />
  <meta name='ocr-system' content='tesseract 3.04.00' />
  <meta name='ocr-capabilities' content='ocr_page ocr_carea ocr_par ocr_line ocrx_word'/>
</head>
<body>
  <div class='ocr_page' id='page_1' title='image "./tlucreticarider02duffgoog_0227.png"; bbox 0 0 2804 4786; ppageno 0'>
   <div class='ocr_carea' id='block_1_1' title="bbox 721 111 753 176">
    <p class='ocr_par' dir='ltr' id='par_1_1' title="bbox 721 111 753 176">
     <span class='ocr_line' id='line_1_1' title="bbox 721 111 753 176; baseline 0 0"><span class='ocrx_word' id='word_1_1' title='bbox 721 111 753 176; x_wconf 87' lang='lat' dir='ltr'><strong>V</strong></span> 
     </span>
    </p>
   </div>
   <div class='ocr_carea' id='block_1_2' title="bbox 224 271 1396 3777">
    <p class='ocr_par' dir='ltr' id='par_1_2' title="bbox 225 271 950 359">
     <span class='ocr_line' id='line_1_2' title="bbox 225 271 950 359; baseline 0 -21"><span class='ocrx_word' id='word_1_2' title='bbox 225 295 265 338; x_wconf 85' lang='lat' dir='ltr'>ex</span> <span class='ocrx_word' id='word_1_3' title='bbox 288 272 418 338; x_wconf 89' lang='lat' dir='ltr'>infinito</span> <span class='ocrx_word' id='word_1_4' title='bbox 439 271 505 337; x_wconf 88' lang='lat' dir='ltr'>iam</span> <span class='ocrx_word' id='word_1_5' title='bbox 527 281 674 359; x_wconf 87' lang='lat' dir='ltr'>tempore</span> <span class='ocrx_word' id='word_1_6' title='bbox 696 273 823 359; x_wconf 84' lang='lat' dir='ltr'>percita</span> <span class='ocrx_word' id='word_1_7' title='bbox 844 272 950 359; x_wconf 88' lang='lat' dir='ltr'>plagis</span> 
     </span>
    </p>

    <p class='ocr_par' dir='ltr' id='par_1_3' title="bbox 226 377 1040 467">
     <span class='ocr_line' id='line_1_3' title="bbox 226 377 1040 467; baseline -0.001 -23"><span class='ocrx_word' id='word_1_8' title='bbox 226 379 486 467; x_wconf 84' lang='lat' dir='ltr'>ponderibusque</span> <span class='ocrx_word' id='word_1_9' title='bbox 508 377 575 442; x_wconf 89' lang='lat' dir='ltr'>suis</span> <span class='ocrx_word' id='word_1_10' title='bbox 597 386 795 443; x_wconf 78' lang='lat' dir='ltr'>consuerunt</span> <span class='ocrx_word' id='word_1_11' title='bbox 816 379 942 444; x_wconf 87' lang='lat' dir='ltr'>oonoita</span> <span class='ocrx_word' id='word_1_12' title='bbox 964 379 1040 444; x_wconf 87' lang='lat' dir='ltr'>ferri</span> 
     </span>
    </p>

    <p class='ocr_par' dir='ltr' id='par_1_4' title="bbox 224 482 1396 569">
     <span class='ocr_line' id='line_1_4' title="bbox 224 482 1396 569; baseline -0.002 -20"><span class='ocrx_word' id='word_1_13' title='bbox 224 483 480 569; x_wconf 77' lang='lat' dir='ltr'>omnimodisque</span> <span class='ocrx_word' id='word_1_14' title='bbox 502 482 586 547; x_wconf 86' lang='lat' dir='ltr'>eoire</span> <span class='ocrx_word' id='word_1_15' title='bbox 608 491 707 568; x_wconf 90' lang='lat' dir='ltr'>atque</span> <span class='ocrx_word' id='word_1_16' title='bbox 729 483 837 547; x_wconf 89' lang='lat' dir='ltr'>omnia</span> <span class='ocrx_word' id='word_1_17' title='bbox 859 491 1088 568; x_wconf 76' lang='lat' dir='ltr'>pertemptare,</span> <span class='ocrx_word' id='word_1_18' title='bbox 1279 491 1396 566; x_wconf 62' lang='lat'>19&lt;</span> 
     </span>
    </p>

    <p class='ocr_par' dir='ltr' id='par_1_5' title="bbox 225 588 1096 675">
     <span class='ocr_line' id='line_1_5' title="bbox 225 588 1096 675; baseline -0.003 -22"><span class='ocrx_word' id='word_1_19' title='bbox 225 611 448 675; x_wconf 85' lang='lat' dir='ltr'>quaecumque</span> <span class='ocrx_word' id='word_1_20' title='bbox 469 588 557 653; x_wconf 91' lang='lat' dir='ltr'>inter</span> <span class='ocrx_word' id='word_1_21' title='bbox 578 610 612 652; x_wconf 90' lang='lat' dir='ltr'>se</span> <span class='ocrx_word' id='word_1_22' title='bbox 634 595 766 673; x_wconf 88' lang='lat' dir='ltr'>possent</span> <span class='ocrx_word' id='word_1_23' title='bbox 788 608 958 673; x_wconf 84' lang='lat' dir='ltr'>congressa</span> <span class='ocrx_word' id='word_1_24' title='bbox 979 609 1096 663; x_wconf 85' lang='lat' dir='ltr'>creare,</span> 
     </span>
    </p>

    <p class='ocr_par' dir='ltr' id='par_1_6' title="bbox 226 691 996 777">
     <span class='ocr_line' id='line_1_6' title="bbox 226 691 996 777; baseline -0.004 -19"><span class='ocrx_word' id='word_1_25' title='bbox 226 702 265 759; x_wconf 90' lang='lat' dir='ltr'>ut</span> <span class='ocrx_word' id='word_1_26' title='bbox 286 716 351 757; x_wconf 93' lang='lat' dir='ltr'>non</span> <span class='ocrx_word' id='word_1_27' title='bbox 373 694 416 757; x_wconf 90' lang='lat' dir='ltr'>sit</span> <span class='ocrx_word' id='word_1_28' title='bbox 438 692 557 756; x_wconf 89' lang='lat' dir='ltr'>mirum</span> <span class='ocrx_word' id='word_1_29' title='bbox 580 692 608 756; x_wconf 95' lang='lat' dir='ltr'>si</span> <span class='ocrx_word' id='word_1_30' title='bbox 630 692 664 755; x_wconf 93' lang='lat' dir='ltr'>in</span> <span class='ocrx_word' id='word_1_31' title='bbox 686 692 762 756; x_wconf 89' lang='lat' dir='ltr'>talis</span> <span class='ocrx_word' id='word_1_32' title='bbox 783 691 996 777; x_wconf 86' lang='lat' dir='ltr'>disposituras</span> 
     </span>
    </p>

    <p class='ocr_par' dir='ltr' id='par_1_7' title="bbox 225 793 1075 881">
     <span class='ocr_line' id='line_1_7' title="bbox 225 793 1075 881; baseline -0.004 -20"><span class='ocrx_word' id='word_1_33' title='bbox 225 796 415 861; x_wconf 84' lang='lat' dir='ltr'>deciderunt</span> <span class='ocrx_word' id='word_1_34' title='bbox 437 816 565 881; x_wconf 89' lang='lat' dir='ltr'>quoque</span> <span class='ocrx_word' id='word_1_35' title='bbox 588 793 679 859; x_wconf 92' lang='lat' dir='ltr'>etin</span> <span class='ocrx_word' id='word_1_36' title='bbox 701 793 777 858; x_wconf 89' lang='lat' dir='ltr'>talis</span> <span class='ocrx_word' id='word_1_37' title='bbox 799 815 915 858; x_wconf 89' lang='lat' dir='ltr'>venere</span> <span class='ocrx_word' id='word_1_38' title='bbox 937 801 1075 871; x_wconf 91' lang='lat' dir='ltr'>meatus,</span> 
     </span>
    </p>

    <p class='ocr_par' dir='ltr' id='par_1_8' title="bbox 226 896 1395 1085">
     <span class='ocr_line' id='line_1_8' title="bbox 226 896 1190 984; baseline -0.001 -21"><span class='ocrx_word' id='word_1_39' title='bbox 226 900 376 984; x_wconf 81' lang='lat' dir='ltr'>qualibus</span> <span class='ocrx_word' id='word_1_40' title='bbox 398 898 477 962; x_wconf 85' lang='lat' dir='ltr'>haee</span> <span class='ocrx_word' id='word_1_41' title='bbox 498 919 606 962; x_wconf 89' lang='lat' dir='ltr'>rerum</span> <span class='ocrx_word' id='word_1_42' title='bbox 628 897 754 983; x_wconf 77' lang='lat' dir='ltr'>geritur</span> <span class='ocrx_word' id='word_1_43' title='bbox 774 919 861 961; x_wconf 87' lang='lat' dir='ltr'>nuno</span> <span class='ocrx_word' id='word_1_44' title='bbox 882 918 1010 961; x_wconf 86' lang='lat' dir='ltr'>summa</span> <span class='ocrx_word' id='word_1_45' title='bbox 1032 896 1190 962; x_wconf 90' lang='lat' dir='ltr'>novando.</span> 
     </span>
     <span class='ocr_line' id='line_1_9' title="bbox 270 998 1395 1085; baseline -0.001 -19"><span class='ocrx_word' id='word_1_46' title='bbox 270 1002 366 1082; x_wconf 80' lang='lat' dir='ltr'>Quod</span> <span class='ocrx_word' id='word_1_47' title='bbox 387 1001 503 1066; x_wconf 77' lang='lat' dir='ltr'>eiiam</span> <span class='ocrx_word' id='word_1_48' title='bbox 525 1021 633 1064; x_wconf 89' lang='lat' dir='ltr'>rerum</span> <span class='ocrx_word' id='word_1_49' title='bbox 656 1000 802 1085; x_wconf 89' lang='lat' dir='ltr'>ignorem</span> <span class='ocrx_word' id='word_1_50' title='bbox 824 998 1000 1085; x_wconf 88' lang='lat' dir='ltr'>primordia</span> <span class='ocrx_word' id='word_1_51' title='bbox 1021 1021 1106 1085; x_wconf 84' lang='lat' dir='ltr'>quae</span> <span class='ocrx_word' id='word_1_52' title='bbox 1127 1000 1205 1078; x_wconf 89' lang='lat' dir='ltr'>sint,</span> <span class='ocrx_word' id='word_1_53' title='bbox 1280 1012 1395 1081; x_wconf 60' lang='lat'>19</span> 
     </span>
    </p>

    <p class='ocr_par' dir='ltr' id='par_1_9' title="bbox 227 1102 1018 1188">
     <span class='ocr_line' id='line_1_10' title="bbox 227 1102 1018 1188; baseline -0.006 -18"><span class='ocrx_word' id='word_1_54' title='bbox 227 1106 286 1170; x_wconf 88' lang='lat' dir='ltr'>hoe</span> <span class='ocrx_word' id='word_1_55' title='bbox 308 1113 419 1168; x_wconf 87' lang='lat' dir='ltr'>tamen</span> <span class='ocrx_word' id='word_1_56' title='bbox 442 1125 482 1166; x_wconf 86' lang='lat' dir='ltr'>ex</span> <span class='ocrx_word' id='word_1_57' title='bbox 504 1103 582 1188; x_wconf 89' lang='lat' dir='ltr'>ipsis</span> <span class='ocrx_word' id='word_1_58' title='bbox 605 1103 685 1166; x_wconf 86' lang='lat' dir='ltr'>caeli</span> <span class='ocrx_word' id='word_1_59' title='bbox 708 1102 888 1166; x_wconf 89' lang='lat' dir='ltr'>rationibus</span> <span class='ocrx_word' id='word_1_60' title='bbox 912 1102 1018 1165; x_wconf 88' lang='lat' dir='ltr'>ausim</span> 
     </span>
    </p>

    <p class='ocr_par' dir='ltr' id='par_1_10' title="bbox 227 1205 1057 1291">
     <span class='ocr_line' id='line_1_11' title="bbox 227 1205 1057 1291; baseline -0.005 -17"><span class='ocrx_word' id='word_1_61' title='bbox 227 1211 413 1274; x_wconf 84' lang='lat' dir='ltr'>confirmare</span> <span class='ocrx_word' id='word_1_62' title='bbox 436 1208 573 1291; x_wconf 84' lang='lat' dir='ltr'>aliisque</span> <span class='ocrx_word' id='word_1_63' title='bbox 596 1229 635 1271; x_wconf 82' lang='lat' dir='ltr'>ex</span> <span class='ocrx_word' id='word_1_64' title='bbox 658 1207 755 1271; x_wconf 90' lang='lat' dir='ltr'>rebus</span> <span class='ocrx_word' id='word_1_65' title='bbox 777 1205 911 1270; x_wconf 85' lang='lat' dir='ltr'>reddere</span> <span class='ocrx_word' id='word_1_66' title='bbox 934 1206 1057 1283; x_wconf 90' lang='lat' dir='ltr'>multis,</span> 
     </span>
    </p>

    <p class='ocr_par' dir='ltr' id='par_1_11' title="bbox 226 1311 990 1398">
     <span class='ocr_line' id='line_1_12' title="bbox 226 1311 990 1398; baseline -0.005 -20"><span class='ocrx_word' id='word_1_67' title='bbox 226 1334 432 1398; x_wconf 85' lang='lat' dir='ltr'>nequaquam</span> <span class='ocrx_word' id='word_1_68' title='bbox 454 1311 547 1374; x_wconf 89' lang='lat' dir='ltr'>nobis</span> <span class='ocrx_word' id='word_1_69' title='bbox 569 1311 727 1375; x_wconf 88' lang='lat' dir='ltr'>divinitus</span> <span class='ocrx_word' id='word_1_70' title='bbox 750 1333 819 1375; x_wconf 91' lang='lat' dir='ltr'>esse</span> <span class='ocrx_word' id='word_1_71' title='bbox 842 1320 990 1395; x_wconf 87' lang='lat' dir='ltr'>paratam</span> 
     </span>
    </p>

    <p class='ocr_par' dir='ltr' id='par_1_12' title="bbox 226 1414 1033 1500">
     <span class='ocr_line' id='line_1_13' title="bbox 226 1414 1033 1500; baseline -0.007 -17"><span class='ocrx_word' id='word_1_72' title='bbox 226 1427 377 1483; x_wconf 88' lang='lat' dir='ltr'>naturam</span> <span class='ocrx_word' id='word_1_73' title='bbox 400 1437 526 1494; x_wconf 89' lang='lat' dir='ltr'>rerum;</span> <span class='ocrx_word' id='word_1_74' title='bbox 556 1423 650 1480; x_wconf 89' lang='lat' dir='ltr'>tanta</span> <span class='ocrx_word' id='word_1_75' title='bbox 672 1423 738 1479; x_wconf 88' lang='lat' dir='ltr'>stat</span> <span class='ocrx_word' id='word_1_76' title='bbox 760 1414 908 1500; x_wconf 87' lang='lat' dir='ltr'>praedita</span> <span class='ocrx_word' id='word_1_77' title='bbox 929 1415 1033 1500; x_wconf 86' lang='lat' dir='ltr'>eulpa</span> 
     </span>
    </p>

    <p class='ocr_par' dir='ltr' id='par_1_13' title="bbox 226 1517 1085 1607">
     <span class='ocr_line' id='line_1_14' title="bbox 226 1517 1085 1607; baseline -0.001 -24"><span class='ocrx_word' id='word_1_78' title='bbox 226 1519 384 1607; x_wconf 84' lang='lat' dir='ltr'>principio</span> <span class='ocrx_word' id='word_1_79' title='bbox 406 1525 566 1604; x_wconf 88' lang='lat' dir='ltr'>quantum</span> <span class='ocrx_word' id='word_1_80' title='bbox 589 1517 669 1582; x_wconf 82' lang='lat' dir='ltr'>caeli</span> <span class='ocrx_word' id='word_1_81' title='bbox 691 1517 775 1604; x_wconf 90' lang='lat' dir='ltr'>tegit</span> <span class='ocrx_word' id='word_1_82' title='bbox 796 1518 938 1603; x_wconf 90' lang='lat' dir='ltr'>impetus</span> <span class='ocrx_word' id='word_1_83' title='bbox 960 1517 1085 1604; x_wconf 89' lang='lat' dir='ltr'>ingens,</span> 
     </span>
    </p>

    <p class='ocr_par' dir='ltr' id='par_1_14' title="bbox 226 1622 1077 1708">
     <span class='ocr_line' id='line_1_15' title="bbox 226 1622 1077 1708; baseline -0.002 -19"><span class='ocrx_word' id='word_1_84' title='bbox 226 1625 302 1689; x_wconf 90' lang='lat' dir='ltr'>inde</span> <span class='ocrx_word' id='word_1_85' title='bbox 324 1622 431 1687; x_wconf 87' lang='lat' dir='ltr'>avidei</span> <span class='ocrx_word' id='word_1_86' title='bbox 452 1631 579 1707; x_wconf 88' lang='lat' dir='ltr'>partem</span> <span class='ocrx_word' id='word_1_87' title='bbox 602 1631 729 1687; x_wconf 92' lang='lat' dir='ltr'>montes</span> <span class='ocrx_word' id='word_1_88' title='bbox 751 1622 914 1708; x_wconf 89' lang='lat' dir='ltr'>silvaeque</span> <span class='ocrx_word' id='word_1_89' title='bbox 936 1623 1077 1687; x_wconf 87' lang='lat' dir='ltr'>ferarum</span> 
     </span>
    </p>

    <p class='ocr_par' dir='ltr' id='par_1_15' title="bbox 226 1723 1015 1810">
     <span class='ocr_line' id='line_1_16' title="bbox 226 1723 1015 1810; baseline 0 -21"><span class='ocrx_word' id='word_1_90' title='bbox 226 1725 404 1810; x_wconf 84' lang='lat' dir='ltr'>possedere,</span> <span class='ocrx_word' id='word_1_91' title='bbox 427 1731 541 1788; x_wconf 91' lang='lat' dir='ltr'>tenent</span> <span class='ocrx_word' id='word_1_92' title='bbox 563 1746 661 1809; x_wconf 89' lang='lat' dir='ltr'>rupes</span> <span class='ocrx_word' id='word_1_93' title='bbox 683 1733 858 1810; x_wconf 86' lang='lat' dir='ltr'>vastaeque</span> <span class='ocrx_word' id='word_1_94' title='bbox 879 1723 1015 1809; x_wconf 89' lang='lat' dir='ltr'>paludes</span> 
     </span>
    </p>

    <p class='ocr_par' dir='ltr' id='par_1_16' title="bbox 227 1826 1009 1912">
     <span class='ocr_line' id='line_1_17' title="bbox 227 1826 1009 1912; baseline -0.003 -19"><span class='ocrx_word' id='word_1_95' title='bbox 227 1836 261 1893; x_wconf 91' lang='lat' dir='ltr'>et</span> <span class='ocrx_word' id='word_1_96' title='bbox 283 1849 371 1891; x_wconf 87' lang='lat' dir='ltr'>mare</span> <span class='ocrx_word' id='word_1_97' title='bbox 394 1826 480 1912; x_wconf 92' lang='lat' dir='ltr'>quod</span> <span class='ocrx_word' id='word_1_98' title='bbox 502 1827 568 1890; x_wconf 86' lang='lat' dir='ltr'>late</span> <span class='ocrx_word' id='word_1_99' title='bbox 590 1835 748 1891; x_wconf 88' lang='lat' dir='ltr'>terrarum</span> <span class='ocrx_word' id='word_1_100' title='bbox 772 1827 909 1892; x_wconf 89' lang='lat' dir='ltr'>distinet</span> <span class='ocrx_word' id='word_1_101' title='bbox 930 1849 1009 1891; x_wconf 88' lang='lat' dir='ltr'>oras.</span> 
     </span>
    </p>

    <p class='ocr_par' dir='ltr' id='par_1_17' title="bbox 227 1929 1049 2016">
     <span class='ocr_line' id='line_1_18' title="bbox 227 1929 1049 2016; baseline -0.002 -20"><span class='ocrx_word' id='word_1_102' title='bbox 227 1931 303 1996; x_wconf 93' lang='lat' dir='ltr'>inde</span> <span class='ocrx_word' id='word_1_103' title='bbox 325 1931 406 1995; x_wconf 87' lang='lat' dir='ltr'>duas</span> <span class='ocrx_word' id='word_1_104' title='bbox 428 1952 521 2014; x_wconf 90' lang='lat' dir='ltr'>porro</span> <span class='ocrx_word' id='word_1_105' title='bbox 544 1952 642 2015; x_wconf 91' lang='lat' dir='ltr'>prope</span> <span class='ocrx_word' id='word_1_106' title='bbox 664 1930 769 2016; x_wconf 86' lang='lat' dir='ltr'>partis</span> <span class='ocrx_word' id='word_1_107' title='bbox 791 1931 933 1994; x_wconf 87' lang='lat' dir='ltr'>fervidus</span> <span class='ocrx_word' id='word_1_108' title='bbox 954 1929 1049 1994; x_wconf 84' lang='lat' dir='ltr'>ardor</span> 
     </span>
    </p>

    <p class='ocr_par' dir='ltr' id='par_1_18' title="bbox 226 2034 995 2119">
     <span class='ocr_line' id='line_1_19' title="bbox 226 2034 995 2119; baseline -0.001 -20"><span class='ocrx_word' id='word_1_109' title='bbox 226 2035 444 2119; x_wconf 81' lang='lat' dir='ltr'>adsiduusque</span> <span class='ocrx_word' id='word_1_110' title='bbox 466 2034 532 2119; x_wconf 89' lang='lat' dir='ltr'>geli</span> <span class='ocrx_word' id='word_1_111' title='bbox 554 2055 646 2098; x_wconf 88' lang='lat' dir='ltr'>casus</span> <span class='ocrx_word' id='word_1_112' title='bbox 668 2034 858 2098; x_wconf 84' lang='lat' dir='ltr'>mortalibus</span> <span class='ocrx_word' id='word_1_113' title='bbox 879 2035 995 2098; x_wconf 82' lang='lat' dir='ltr'>aufert.</span> 
     </span>
    </p>

    <p class='ocr_par' dir='ltr' id='par_1_19' title="bbox 227 2139 1044 2226">
     <span class='ocr_line' id='line_1_20' title="bbox 227 2139 1044 2226; baseline -0.001 -23"><span class='ocrx_word' id='word_1_114' title='bbox 227 2140 313 2226; x_wconf 92' lang='lat' dir='ltr'>quod</span> <span class='ocrx_word' id='word_1_115' title='bbox 335 2147 481 2223; x_wconf 90' lang='lat' dir='ltr'>superest</span> <span class='ocrx_word' id='word_1_116' title='bbox 503 2139 580 2215; x_wconf 88' lang='lat' dir='ltr'>arvi,</span> <span class='ocrx_word' id='word_1_117' title='bbox 603 2146 712 2202; x_wconf 90' lang='lat' dir='ltr'>tamen</span> <span class='ocrx_word' id='word_1_118' title='bbox 735 2139 769 2202; x_wconf 92' lang='lat' dir='ltr'>id</span> <span class='ocrx_word' id='word_1_119' title='bbox 791 2148 908 2203; x_wconf 86' lang='lat' dir='ltr'>natura</span> <span class='ocrx_word' id='word_1_120' title='bbox 929 2161 989 2202; x_wconf 88' lang='lat' dir='ltr'>sua</span> <span class='ocrx_word' id='word_1_121' title='bbox 1010 2139 1044 2202; x_wconf 86' lang='lat' dir='ltr'>vi</span> 
     </span>
    </p>

    <p class='ocr_par' dir='ltr' id='par_1_20' title="bbox 227 2243 991 2320">
     <span class='ocr_line' id='line_1_21' title="bbox 227 2243 991 2320; baseline 0.001 -14"><span class='ocrx_word' id='word_1_122' title='bbox 227 2243 374 2306; x_wconf 90' lang='lat' dir='ltr'>sentibus</span> <span class='ocrx_word' id='word_1_123' title='bbox 396 2243 546 2320; x_wconf 83' lang='lat' dir='ltr'>obducat,</span> <span class='ocrx_word' id='word_1_124' title='bbox 567 2244 603 2307; x_wconf 92' lang='lat' dir='ltr'>ni</span> <span class='ocrx_word' id='word_1_125' title='bbox 625 2244 674 2307; x_wconf 89' lang='lat' dir='ltr'>vis</span> <span class='ocrx_word' id='word_1_126' title='bbox 697 2243 839 2307; x_wconf 85' lang='lat' dir='ltr'>humana</span> <span class='ocrx_word' id='word_1_127' title='bbox 860 2243 991 2308; x_wconf 89' lang='lat' dir='ltr'>resistat</span> 
     </span>
    </p>

    <p class='ocr_par' dir='ltr' id='par_1_21' title="bbox 227 2346 876 2411">
     <span class='ocr_line' id='line_1_22' title="bbox 227 2346 876 2411; baseline 0.002 -2"><span class='ocrx_word' id='word_1_128' title='bbox 227 2346 308 2411; x_wconf 88' lang='lat' dir='ltr'>vitai</span> <span class='ocrx_word' id='word_1_129' title='bbox 330 2369 426 2411; x_wconf 87' lang='lat' dir='ltr'>causa</span> <span class='ocrx_word' id='word_1_130' title='bbox 447 2346 553 2410; x_wconf 87' lang='lat' dir='ltr'>valido</span> <span class='ocrx_word' id='word_1_131' title='bbox 575 2356 728 2411; x_wconf 87' lang='lat' dir='ltr'>consueta</span> <span class='ocrx_word' id='word_1_132' title='bbox 749 2346 876 2411; x_wconf 91' lang='lat' dir='ltr'>bidenti</span> 
     </span>
    </p>

    <p class='ocr_par' dir='ltr' id='par_1_22' title="bbox 227 2449 1102 2536">
     <span class='ocr_line' id='line_1_23' title="bbox 227 2449 1102 2536; baseline 0.003 -24"><span class='ocrx_word' id='word_1_133' title='bbox 227 2450 391 2536; x_wconf 81' lang='lat' dir='ltr'>ingemere</span> <span class='ocrx_word' id='word_1_134' title='bbox 414 2457 448 2514; x_wconf 92' lang='lat' dir='ltr'>et</span> <span class='ocrx_word' id='word_1_135' title='bbox 470 2457 591 2514; x_wconf 90' lang='lat' dir='ltr'>terram</span> <span class='ocrx_word' id='word_1_136' title='bbox 613 2449 730 2533; x_wconf 88' lang='lat' dir='ltr'>pressis</span> <span class='ocrx_word' id='word_1_137' title='bbox 752 2449 954 2535; x_wconf 80' lang='lat' dir='ltr'>proscindere</span> <span class='ocrx_word' id='word_1_138' title='bbox 977 2449 1102 2515; x_wconf 82' lang='lat' dir='ltr'>aratris.</span> 
     </span>
    </p>

    <p class='ocr_par' dir='ltr' id='par_1_23' title="bbox 228 2551 986 2640">
     <span class='ocr_line' id='line_1_24' title="bbox 228 2551 986 2640; baseline 0.001 -23"><span class='ocrx_word' id='word_1_139' title='bbox 228 2553 343 2617; x_wconf 90' lang='lat' dir='ltr'>sinon</span> <span class='ocrx_word' id='word_1_140' title='bbox 365 2551 518 2617; x_wconf 82' lang='lat' dir='ltr'>fecundas</span> <span class='ocrx_word' id='word_1_141' title='bbox 539 2562 703 2618; x_wconf 89' lang='lat' dir='ltr'>vertentes</span> <span class='ocrx_word' id='word_1_142' title='bbox 726 2575 852 2618; x_wconf 88' lang='lat' dir='ltr'>vomere</span> <span class='ocrx_word' id='word_1_143' title='bbox 874 2554 986 2640; x_wconf 87' lang='lat' dir='ltr'>glebas</span> 
     </span>
    </p>

    <p class='ocr_par' dir='ltr' id='par_1_24' title="bbox 228 2657 1034 2743">
     <span class='ocr_line' id='line_1_25' title="bbox 228 2657 1034 2743; baseline 0.001 -22"><span class='ocrx_word' id='word_1_144' title='bbox 228 2657 390 2743; x_wconf 88' lang='lat' dir='ltr'>terraique</span> <span class='ocrx_word' id='word_1_145' title='bbox 412 2657 515 2721; x_wconf 90' lang='lat' dir='ltr'>solum</span> <span class='ocrx_word' id='word_1_146' title='bbox 537 2657 726 2743; x_wconf 89' lang='lat' dir='ltr'>subigentes</span> <span class='ocrx_word' id='word_1_147' title='bbox 748 2657 850 2721; x_wconf 89' lang='lat' dir='ltr'>cimus</span> <span class='ocrx_word' id='word_1_148' title='bbox 872 2657 913 2721; x_wconf 88' lang='lat' dir='ltr'>ad</span> <span class='ocrx_word' id='word_1_149' title='bbox 935 2666 1034 2734; x_wconf 90' lang='lat' dir='ltr'>ortus,</span> 
     </span>
    </p>

    <p class='ocr_par' dir='ltr' id='par_1_25' title="bbox 227 2759 1114 2845">
     <span class='ocr_line' id='line_1_26' title="bbox 227 2759 1114 2845; baseline 0.002 -22"><span class='ocrx_word' id='word_1_150' title='bbox 227 2767 343 2844; x_wconf 90' lang='lat' dir='ltr'>sponte</span> <span class='ocrx_word' id='word_1_151' title='bbox 365 2782 424 2824; x_wconf 86' lang='lat' dir='ltr'>sua</span> <span class='ocrx_word' id='word_1_152' title='bbox 446 2767 609 2844; x_wconf 88' lang='lat' dir='ltr'>nequeant</span> <span class='ocrx_word' id='word_1_153' title='bbox 631 2760 770 2845; x_wconf 84' lang='lat' dir='ltr'>liquidas</span> <span class='ocrx_word' id='word_1_154' title='bbox 793 2760 930 2824; x_wconf 86' lang='lat' dir='ltr'>existere</span> <span class='ocrx_word' id='word_1_155' title='bbox 952 2759 988 2824; x_wconf 93' lang='lat' dir='ltr'>iu</span> <span class='ocrx_word' id='word_1_156' title='bbox 1009 2783 1114 2836; x_wconf 86' lang='lat' dir='ltr'>auras,</span> 
     </span>
    </p>

    <p class='ocr_par' dir='ltr' id='par_1_26' title="bbox 227 2861 1020 2949">
     <span class='ocr_line' id='line_1_27' title="bbox 227 2861 1020 2949; baseline 0.001 -23"><span class='ocrx_word' id='word_1_157' title='bbox 227 2870 261 2926; x_wconf 92' lang='lat' dir='ltr'>et</span> <span class='ocrx_word' id='word_1_158' title='bbox 284 2870 395 2927; x_wconf 87' lang='lat' dir='ltr'>tamen</span> <span class='ocrx_word' id='word_1_159' title='bbox 417 2861 582 2926; x_wconf 91' lang='lat' dir='ltr'>interdum</span> <span class='ocrx_word' id='word_1_160' title='bbox 604 2885 722 2949; x_wconf 91' lang='lat' dir='ltr'>magno</span> <span class='ocrx_word' id='word_1_161' title='bbox 744 2863 891 2948; x_wconf 86' lang='lat' dir='ltr'>quaesita</span> <span class='ocrx_word' id='word_1_162' title='bbox 912 2863 1020 2928; x_wconf 90' lang='lat' dir='ltr'>labore</span> 
     </span>
    </p>

    <p class='ocr_par' dir='ltr' id='par_1_27' title="bbox 228 2966 1166 3053">
     <span class='ocr_line' id='line_1_28' title="bbox 228 2966 1166 3053; baseline 0.004 -23"><span class='ocrx_word' id='word_1_163' title='bbox 228 2988 302 3030; x_wconf 85' lang='lat' dir='ltr'>cum</span> <span class='ocrx_word' id='word_1_164' title='bbox 325 2966 391 3030; x_wconf 86' lang='lat' dir='ltr'>iam</span> <span class='ocrx_word' id='word_1_165' title='bbox 413 2988 471 3051; x_wconf 91' lang='lat' dir='ltr'>per</span> <span class='ocrx_word' id='word_1_166' title='bbox 493 2973 595 3030; x_wconf 86' lang='lat' dir='ltr'>terras</span> <span class='ocrx_word' id='word_1_167' title='bbox 618 2967 768 3032; x_wconf 87' lang='lat' dir='ltr'>frondent</span> <span class='ocrx_word' id='word_1_168' title='bbox 790 2977 888 3053; x_wconf 87' lang='lat' dir='ltr'>atque</span> <span class='ocrx_word' id='word_1_169' title='bbox 910 2968 1019 3033; x_wconf 93' lang='lat' dir='ltr'>omnia</span> <span class='ocrx_word' id='word_1_170' title='bbox 1040 2969 1166 3046; x_wconf 89' lang='lat' dir='ltr'>florent,</span> 
     </span>
    </p>

    <p class='ocr_par' dir='ltr' id='par_1_28' title="bbox 227 3069 997 3135">
     <span class='ocr_line' id='line_1_29' title="bbox 227 3069 997 3135; baseline 0.003 -2"><span class='ocrx_word' id='word_1_171' title='bbox 227 3077 286 3133; x_wconf 88' lang='lat' dir='ltr'>aut</span> <span class='ocrx_word' id='word_1_172' title='bbox 308 3069 417 3133; x_wconf 90' lang='lat' dir='ltr'>nimiis</span> <span class='ocrx_word' id='word_1_173' title='bbox 439 3076 540 3132; x_wconf 90' lang='lat' dir='ltr'>torret</span> <span class='ocrx_word' id='word_1_174' title='bbox 563 3070 741 3134; x_wconf 90' lang='lat' dir='ltr'>fervoribus</span> <span class='ocrx_word' id='word_1_175' title='bbox 762 3070 927 3135; x_wconf 85' lang='lat' dir='ltr'>aetherius</span> <span class='ocrx_word' id='word_1_176' title='bbox 950 3071 997 3135; x_wconf 94' lang='grc'>301</span> 
     </span>
    </p>

    <p class='ocr_par' dir='ltr' id='par_1_29' title="bbox 227 3172 1120 3259">
     <span class='ocr_line' id='line_1_30' title="bbox 227 3172 1120 3259; baseline 0.003 -24"><span class='ocrx_word' id='word_1_177' title='bbox 227 3180 286 3236; x_wconf 92' lang='lat' dir='ltr'>aut</span> <span class='ocrx_word' id='word_1_178' title='bbox 309 3172 410 3235; x_wconf 91' lang='lat' dir='ltr'>subiti</span> <span class='ocrx_word' id='word_1_179' title='bbox 432 3180 604 3257; x_wconf 90' lang='lat' dir='ltr'>peremunt</span> <span class='ocrx_word' id='word_1_180' title='bbox 626 3172 739 3237; x_wconf 85' lang='lat' dir='ltr'>imbris</span> <span class='ocrx_word' id='word_1_181' title='bbox 760 3173 952 3259; x_wconf 89' lang='lat' dir='ltr'>gelidaeque</span> <span class='ocrx_word' id='word_1_182' title='bbox 974 3172 1120 3258; x_wconf 87' lang='lat' dir='ltr'>pruinae,</span> 
     </span>
    </p>

    <p class='ocr_par' dir='ltr' id='par_1_30' title="bbox 227 3277 1055 3362">
     <span class='ocr_line' id='line_1_31' title="bbox 227 3277 1055 3362; baseline 0.004 -22"><span class='ocrx_word' id='word_1_183' title='bbox 227 3277 392 3362; x_wconf 84' lang='lat' dir='ltr'>flabraque</span> <span class='ocrx_word' id='word_1_184' title='bbox 414 3284 586 3341; x_wconf 85' lang='lat' dir='ltr'>ventorum</span> <span class='ocrx_word' id='word_1_185' title='bbox 608 3277 750 3341; x_wconf 91' lang='lat' dir='ltr'>violento</span> <span class='ocrx_word' id='word_1_186' title='bbox 772 3277 904 3342; x_wconf 91' lang='lat' dir='ltr'>turbine</span> <span class='ocrx_word' id='word_1_187' title='bbox 926 3286 1055 3343; x_wconf 86' lang='lat' dir='ltr'>vexant.</span> 
     </span>
    </p>

    <p class='ocr_par' dir='ltr' id='par_1_31' title="bbox 227 3379 1038 3466">
     <span class='ocr_line' id='line_1_32' title="bbox 227 3379 1038 3466; baseline 0.001 -22"><span class='ocrx_word' id='word_1_188' title='bbox 227 3390 394 3466; x_wconf 89' lang='lat' dir='ltr'>praeterea</span> <span class='ocrx_word' id='word_1_189' title='bbox 415 3403 518 3466; x_wconf 88' lang='lat' dir='ltr'>genus</span> <span class='ocrx_word' id='word_1_190' title='bbox 541 3379 735 3445; x_wconf 85' lang='lat' dir='ltr'>horriferum</span> <span class='ocrx_word' id='word_1_191' title='bbox 756 3389 875 3445; x_wconf 89' lang='lat' dir='ltr'>natura</span> <span class='ocrx_word' id='word_1_192' title='bbox 897 3382 1038 3445; x_wconf 87' lang='lat' dir='ltr'>ferarum</span> 
     </span>
    </p>

    <p class='ocr_par' dir='ltr' id='par_1_32' title="bbox 228 3484 1021 3571">
     <span class='ocr_line' id='line_1_33' title="bbox 228 3484 1021 3571; baseline -0.003 -21"><span class='ocrx_word' id='word_1_193' title='bbox 228 3486 389 3550; x_wconf 86' lang='lat' dir='ltr'>humanae</span> <span class='ocrx_word' id='word_1_194' title='bbox 411 3484 502 3571; x_wconf 93' lang='lat' dir='ltr'>genti</span> <span class='ocrx_word' id='word_1_195' title='bbox 526 3486 680 3549; x_wconf 89' lang='lat' dir='ltr'>infestum</span> <span class='ocrx_word' id='word_1_196' title='bbox 703 3494 853 3570; x_wconf 90' lang='lat' dir='ltr'>terraque</span> <span class='ocrx_word' id='word_1_197' title='bbox 876 3485 1021 3570; x_wconf 90' lang='lat' dir='ltr'>marique</span> 
     </span>
    </p>

    <p class='ocr_par' dir='ltr' id='par_1_33' title="bbox 227 3586 1366 3674">
     <span class='ocr_line' id='line_1_34' title="bbox 227 3586 1366 3674; baseline 0.001 -21"><span class='ocrx_word' id='word_1_198' title='bbox 227 3611 285 3653; x_wconf 90' lang='lat' dir='ltr'>our</span> <span class='ocrx_word' id='word_1_199' title='bbox 306 3589 365 3653; x_wconf 91' lang='lat' dir='ltr'>alit</span> <span class='ocrx_word' id='word_1_200' title='bbox 388 3596 486 3673; x_wconf 85' lang='lat' dir='ltr'>atque</span> <span class='ocrx_word' id='word_1_201' title='bbox 508 3591 630 3674; x_wconf 69' lang='lat' dir='ltr'>auget?</span> <span class='ocrx_word' id='word_1_202' title='bbox 660 3610 717 3652; x_wconf 87' lang='lat' dir='ltr'>our</span> <span class='ocrx_word' id='word_1_203' title='bbox 738 3589 817 3652; x_wconf 89' lang='lat' dir='ltr'>anni</span> <span class='ocrx_word' id='word_1_204' title='bbox 839 3597 986 3673; x_wconf 89' lang='lat' dir='ltr'>tempora</span> <span class='ocrx_word' id='word_1_205' title='bbox 1008 3589 1136 3654; x_wconf 90' lang='lat' dir='ltr'>morbos</span> <span class='ocrx_word' id='word_1_206' title='bbox 1277 3586 1366 3654; x_wconf 78' lang='lat'>22⁰</span> 
     </span>
    </p>

    <p class='ocr_par' dir='ltr' id='par_1_34' title="bbox 226 3691 1028 3777">
     <span class='ocr_line' id='line_1_35' title="bbox 226 3691 1028 3777; baseline -0.001 -22"><span class='ocrx_word' id='word_1_207' title='bbox 226 3693 424 3777; x_wconf 74' lang='lat' dir='ltr'>adportant?</span> <span class='ocrx_word' id='word_1_208' title='bbox 454 3713 552 3776; x_wconf 89' lang='lat' dir='ltr'>quare</span> <span class='ocrx_word' id='word_1_209' title='bbox 576 3713 660 3755; x_wconf 88' lang='lat' dir='ltr'>mors</span> <span class='ocrx_word' id='word_1_210' title='bbox 682 3691 846 3755; x_wconf 89' lang='lat' dir='ltr'>inmatura</span> <span class='ocrx_word' id='word_1_211' title='bbox 868 3695 1028 3776; x_wconf 79' lang='lat' dir='ltr'>vagatur?</span> 
     </span>
    </p>
   </div>
   <div class='ocr_carea' id='block_1_3' title="bbox 140 3920 1396 4330">
    <p class='ocr_par' dir='ltr' id='par_1_35' title="bbox 140 3920 1396 4330">
     <span class='ocr_line' id='line_1_36' title="bbox 141 3920 1351 3999; baseline 0.005 -19"><span class='ocrx_word' id='word_1_212' title='bbox 141 3933 215 3982; x_wconf 92' lang='lat' dir='ltr'>Pont.</span> <span class='ocrx_word' id='word_1_213' title='bbox 230 3931 296 3982; x_wconf 85' lang='lat' dir='ltr'>Mar.</span> <span class='ocrx_word' id='word_1_214' title='bbox 308 3933 348 3981; x_wconf 88' lang='lat' dir='ltr'>for</span> <span class='ocrx_word' id='word_1_215' title='bbox 359 3947 394 3981; x_wconf 82' lang='lat' dir='ltr'>se.</span> <span class='ocrx_word' id='word_1_216' title='bbox 518 3933 565 3983; x_wconf 81' lang='grc'>186</span> <span class='ocrx_word' id='word_1_217' title='bbox 581 3935 704 3995; x_wconf 76' lang='lat' dir='ltr'>specimen</span> <span class='ocrx_word' id='word_1_218' title='bbox 715 3933 902 3984; x_wconf 87' lang='lat' dir='ltr'>Piusinnotes</span> <span class='ocrx_word' id='word_1_219' title='bbox 913 3935 953 3985; x_wconf 82' lang='lat' dir='ltr'>for</span> <span class='ocrx_word' id='word_1_220' title='bbox 964 3937 1077 3999; x_wconf 77' lang='lat' dir='ltr'>speeiem.</span> <span class='ocrx_word' id='word_1_221' title='bbox 1205 3937 1252 3990; x_wconf 83' lang='grc'>187</span> <span class='ocrx_word' id='word_1_222' title='bbox 1262 3920 1351 3986; x_wconf 61' lang='lat' dir='ltr'>mum</span> 
     </span>
     <span class='ocr_line' id='line_1_37' title="bbox 140 4009 1348 4078; baseline 0.004 -16"><span class='ocrx_word' id='word_1_223' title='bbox 140 4014 218 4063; x_wconf 80' lang='lat' dir='ltr'>modis</span> <span class='ocrx_word' id='word_1_224' title='bbox 229 4011 321 4062; x_wconf 84' lang='lat' dir='ltr'>Lamb.</span> <span class='ocrx_word' id='word_1_225' title='bbox 338 4010 378 4061; x_wconf 89' lang='lat' dir='ltr'>ed.</span> <span class='ocrx_word' id='word_1_226' title='bbox 396 4011 409 4059; x_wconf 94' lang='lat'>1</span> <span class='ocrx_word' id='word_1_227' title='bbox 426 4011 479 4061; x_wconf 89' lang='lat' dir='ltr'>aud</span> <span class='ocrx_word' id='word_1_228' title='bbox 494 4014 509 4059; x_wconf 84' lang='lat'>2</span> <span class='ocrx_word' id='word_1_229' title='bbox 524 4012 622 4076; x_wconf 84' lang='lat' dir='ltr'>rightly</span> <span class='ocrx_word' id='word_1_230' title='bbox 637 4013 677 4063; x_wconf 89' lang='grc'>101</span> <span class='ocrx_word' id='word_1_231' title='bbox 691 4016 860 4077; x_wconf 75' lang='lat' dir='ltr'>multimode;</span> <span class='ocrx_word' id='word_1_232' title='bbox 878 4015 926 4065; x_wconf 88' lang='lat' dir='ltr'>but</span> <span class='ocrx_word' id='word_1_233' title='bbox 941 4016 980 4066; x_wconf 79' lang='lat' dir='ltr'>ed</span> <span class='ocrx_word' id='word_1_234' title='bbox 998 4017 1014 4064; x_wconf 84' lang='grc'><strong>3</strong></span> <span class='ocrx_word' id='word_1_235' title='bbox 1029 4015 1107 4078; x_wconf 81' lang='lat' dir='ltr'>again</span> <span class='ocrx_word' id='word_1_236' title='bbox 1118 4019 1280 4068; x_wconf 72' lang='lat' dir='ltr'>multimdir:</span> <span class='ocrx_word' id='word_1_237' title='bbox 1310 4009 1348 4054; x_wconf 68' lang='lat'>⁶⁶⁰</span> 
     </span>
     <span class='ocr_line' id='line_1_38' title="bbox 140 4082 1396 4167; baseline 0.003 -20"><span class='ocrx_word' id='word_1_238' title='bbox 140 4100 196 4150; x_wconf 89' lang='grc'><strong>422.</strong></span> <span class='ocrx_word' id='word_1_239' title='bbox 306 4099 352 4150; x_wconf 89' lang='grc'>191</span> <span class='ocrx_word' id='word_1_240' title='bbox 365 4104 466 4161; x_wconf 75' lang='lat' dir='ltr'>possent</span> <span class='ocrx_word' id='word_1_241' title='bbox 478 4098 518 4147; x_wconf 88' lang='lat' dir='ltr'>for</span> <span class='ocrx_word' id='word_1_242' title='bbox 524 4101 623 4160; x_wconf 77' lang='lat' dir='ltr'>possint</span> <span class='ocrx_word' id='word_1_243' title='bbox 633 4099 713 4152; x_wconf 76' lang='lat' dir='ltr'>naon</span> <span class='ocrx_word' id='word_1_244' title='bbox 728 4101 832 4164; x_wconf 84' lang='lat' dir='ltr'>rightly,</span> <span class='ocrx_word' id='word_1_245' title='bbox 848 4116 877 4150; x_wconf 89' lang='lat' dir='ltr'>as</span> <span class='ocrx_word' id='word_1_246' title='bbox 888 4102 944 4152; x_wconf 87' lang='grc'><strong>426.</strong></span> <span class='ocrx_word' id='word_1_247' title='bbox 1054 4101 1101 4154; x_wconf 87' lang='grc'>193</span> <span class='ocrx_word' id='word_1_248' title='bbox 1118 4111 1214 4153; x_wconf 72' lang='lat' dir='ltr'>matur</span> <span class='ocrx_word' id='word_1_249' title='bbox 1224 4102 1297 4152; x_wconf 76' lang='lat' dir='ltr'>Iuor.</span> <span class='ocrx_word' id='word_1_250' title='bbox 1318 4082 1343 4134; x_wconf 72' lang='lat'>31</span> <span class='ocrx_word' id='word_1_251' title='bbox 1394 4144 1396 4167; x_wconf 32' lang='grc' dir='ltr'>ζ</span> 
     </span>
     <span class='ocr_line' id='line_1_39' title="bbox 140 4179 1341 4249; baseline 0.004 -20"><span class='ocrx_word' id='word_1_252' title='bbox 140 4180 206 4230; x_wconf 87' lang='lat' dir='ltr'>Mar.</span> <span class='ocrx_word' id='word_1_253' title='bbox 218 4182 257 4230; x_wconf 87' lang='grc'>101</span> <span class='ocrx_word' id='word_1_254' title='bbox 267 4188 383 4231; x_wconf 78' lang='lat' dir='ltr'>maestus.</span> <span class='ocrx_word' id='word_1_255' title='bbox 497 4180 544 4231; x_wconf 82' lang='grc'>195</span> <span class='ocrx_word' id='word_1_256' title='bbox 556 4183 579 4229; x_wconf 77' lang='lat' dir='ltr'>a·</span> <span class='ocrx_word' id='word_1_257' title='bbox 590 4180 673 4230; x_wconf 84' lang='lat' dir='ltr'>added</span> <span class='ocrx_word' id='word_1_258' title='bbox 683 4182 718 4245; x_wconf 80' lang='lat' dir='ltr'>by</span> <span class='ocrx_word' id='word_1_259' title='bbox 728 4183 794 4233; x_wconf 87' lang='lat' dir='ltr'>Mar.</span> <span class='ocrx_word' id='word_1_260' title='bbox 806 4184 864 4233; x_wconf 81' lang='lat' dir='ltr'>Ald.</span> <span class='ocrx_word' id='word_1_261' title='bbox 877 4185 891 4232; x_wconf 94' lang='lat'>1</span> <span class='ocrx_word' id='word_1_262' title='bbox 904 4183 979 4233; x_wconf 87' lang='lat' dir='ltr'>Junt.</span> <span class='ocrx_word' id='word_1_263' title='bbox 1089 4186 1137 4236; x_wconf 89' lang='grc'>201</span> <span class='ocrx_word' id='word_1_264' title='bbox 1148 4179 1341 4249; x_wconf 60' lang='lat' dir='ltr'>avidaparm</span> 
     </span>
     <span class='ocr_line' id='line_1_40' title="bbox 140 4246 1336 4330; baseline 0.005 -21"><span class='ocrx_word' id='word_1_265' title='bbox 140 4261 189 4313; x_wconf 82' lang='lat' dir='ltr'>Ed.</span> <span class='ocrx_word' id='word_1_266' title='bbox 208 4262 249 4311; x_wconf 88' lang='grc'>101</span> <span class='ocrx_word' id='word_1_267' title='bbox 266 4265 368 4312; x_wconf 79' lang='lat' dir='ltr'>avidam</span> <span class='ocrx_word' id='word_1_268' title='bbox 383 4269 490 4325; x_wconf 81' lang='lat' dir='ltr'>partem.</span> <span class='ocrx_word' id='word_1_269' title='bbox 525 4263 599 4312; x_wconf 82' lang='lat' dir='ltr'>avide</span> <span class='ocrx_word' id='word_1_270' title='bbox 618 4262 695 4312; x_wconf 86' lang='lat' dir='ltr'>Bern.</span> <span class='ocrx_word' id='word_1_271' title='bbox 729 4266 844 4328; x_wconf 81' lang='lat' dir='ltr'>aliquam</span> <span class='ocrx_word' id='word_1_272' title='bbox 862 4264 943 4316; x_wconf 83' lang='lat' dir='ltr'>Laoh.</span> <span class='ocrx_word' id='word_1_273' title='bbox 979 4264 1098 4316; x_wconf 67' lang='lat' dir='ltr'>‘Marcell</span> <span class='ocrx_word' id='word_1_274' title='bbox 1119 4268 1199 4317; x_wconf 78' lang='lat' dir='ltr'>aliam</span> <span class='ocrx_word' id='word_1_275' title='bbox 1216 4246 1336 4330; x_wconf 63' lang='lat' dir='ltr'>pessissll&#39;</span> 
     </span>
    </p>
   </div>
   <div class='ocr_carea' id='block_1_4' title="bbox 0 0 1411 4786">
    <p class='ocr_par' dir='ltr' id='par_1_36' title="bbox 0 0 1411 4786">
     <span class='ocr_line' id='line_1_41' title="bbox 0 0 1411 4786; baseline 0 0"><span class='ocrx_word' id='word_1_276' title='bbox 0 0 1411 4786; x_wconf 95' lang='lat' dir='ltr'> </span> 
     </span>
    </p>
   </div>
  </div>
 </body>
</html>
