2834 4792
181 424 311 488 corpora
332 413 417 481 sunt,
441 403 475 468 iu
497 405 610 469 eodem
633 415 710 470 ante
732 414 806 470 acta
827 415 935 471 aetate
958 407 1046 471 sucre

181 513 215 569 et
238 514 309 590 post
331 506 409 571 haec
430 529 558 592 semper
580 507 679 572 simili
701 509 826 573 ratione
850 509 1003 585 ferentur,

182 617 217 673 et
240 631 321 694 quae
343 611 528 675 consuerint
549 611 642 699 gigni
665 613 842 699 gignentur
863 614 976 679 eadem

184 713 367 777 condicione
389 722 424 778 et
447 723 542 779 erunt
565 723 599 779 et
622 725 765 780 crescent
788 718 884 802 vique
907 717 1073 794 valebunt,

183 826 342 902 quantum
364 818 480 904 cuique
503 819 617 884 datum
641 829 690 884 est
712 843 771 905 per
793 821 920 886 foedera
943 821 1080 886 naturai.

184 942 242 984 nec
265 942 371 985 rerum
393 943 553 986 summam
576 933 774 988 commutare
797 925 863 988 ulla
885 936 993 1010 potest
1016 925 1082 1005 vis;

183 1046 258 1087 nam
279 1047 394 1110 neque,
416 1047 479 1111 quo
501 1026 603 1111 possit
624 1049 728 1113 genus
750 1027 853 1093 ullum
877 1029 1024 1093 materiai

185 1128 325 1212 effugere
348 1130 506 1206 exomni,
529 1130 702 1216 quicquam
724 1143 775 1196 est
797 1141 895 1207 estro,
918 1155 1023 1218 neque
1046 1132 1079 1196 in
1103 1154 1197 1196 omne
1236 1146 1296 1213 305

185 1233 269 1297 unde
292 1243 400 1298 coorta
422 1245 521 1319 queat
543 1257 626 1299 nova
649 1235 697 1299 vis
719 1236 903 1321 inrumpere
926 1246 960 1301 et
983 1259 1111 1300 ornnem

184 1346 333 1401 naturam
355 1360 462 1402 rerum
485 1349 611 1403 mutare
634 1348 668 1404 et
691 1349 815 1404 vertere
838 1350 953 1406 motus.

228 1440 314 1505 Illud
336 1441 371 1506 in
393 1441 444 1506 his
466 1442 562 1507 rebus
584 1465 648 1507 non
671 1453 721 1508 est
743 1443 900 1520 mirabile,
923 1466 1030 1529 quare,

186 1544 293 1609 omnia
313 1567 387 1609 cum
410 1567 517 1609 rerum
539 1546 714 1632 primordia
735 1547 803 1611 sint
825 1547 859 1610 in
882 1556 984 1621 motu,

186 1668 311 1711 summa
333 1656 443 1712 tamen
464 1670 591 1712 summa
613 1648 763 1713 videatur
784 1660 869 1714 stare
893 1649 1011 1736 quiete,
1240 1662 1302 1728 310

185 1759 410 1836 praeterquam
432 1751 537 1836 siquid
561 1752 688 1836 proprio
710 1753 768 1817 dat
790 1775 919 1838 corpore
943 1762 1057 1817 motus.

187 1853 290 1917 omnis
313 1854 400 1918 enim
424 1853 517 1940 longe
539 1854 657 1919 nostris
679 1855 720 1919 ab
743 1856 891 1921 sensibus
913 1856 996 1919 infra

187 1956 365 2040 primorum
387 1965 504 2020 natura
525 1955 626 2022 iacet:
656 1967 860 2043 quapropter,
884 1959 940 2023 ubi
962 1959 1033 2043 ipsa

187 2081 314 2124 cernere
337 2059 402 2123 iam
424 2081 574 2145 nequeas,
597 2070 705 2125 motus
728 2083 856 2146 quoque
880 2084 1011 2146 surpere
1035 2060 1173 2139 dobent3

187 2161 376 2245 praesertim
398 2184 481 2238 cum,
503 2184 587 2248 quae
610 2163 769 2248 possimus
792 2187 930 2242 cernere,
955 2165 1060 2228 celent

187 2287 280 2351 saepe
304 2276 414 2331 tamen
437 2278 544 2332 motus
566 2268 672 2353 spatio
694 2269 826 2332 diducta
850 2269 998 2333 locorum.

186 2391 260 2433 nam
282 2391 378 2455 saepe
400 2369 434 2434 in
456 2370 530 2435 colli
552 2373 724 2438 tondentes
747 2374 867 2458 pabula
890 2375 977 2438 laeta

187 2471 347 2559 lanigerae
369 2481 500 2558 reptant
522 2475 662 2559 pecudes
684 2498 748 2561 quo
771 2499 928 2562 quamque
950 2484 1101 2540 vocantes

186 2575 328 2642 invitant
350 2577 468 2642 herbae
490 2589 691 2663 gemmantes
714 2603 785 2645 rore
808 2580 938 2656 recenti,

187 2689 221 2745 et
243 2681 354 2746 satiati
376 2683 452 2768 agni
475 2682 593 2748 ludunt
615 2684 797 2770 blandeque
820 2693 1007 2763 comscant3
1241 2699 1304 2763 320

188 2783 296 2848 omnia
318 2806 400 2869 quae
422 2784 514 2849 nobis
536 2785 629 2870 longe
652 2787 784 2851 confusa
806 2787 957 2851 videntur
982 2850 985 2855 ,

188 2896 223 2951 et
246 2887 394 2952 velutin
416 2887 512 2953 viridi
535 2889 653 2954 candor
675 2891 847 2956 consistere
871 2890 951 2955 colli.

188 2999 356 3076 praeterea
377 3014 514 3079 magnae
537 2992 679 3079 legiones
701 3017 774 3059 cum
798 2995 866 3060 loca
889 3017 983 3059 cursu

188 3115 372 3179 camporum
395 3095 557 3180 complent
580 3095 657 3160 belli
678 3096 849 3162 simulacra
870 3098 999 3173 cientes,

189 3197 294 3284 fulgor
315 3197 362 3262 ibi
383 3198 424 3262 ad
446 3200 571 3264 caelum
594 3222 627 3264 se
650 3200 737 3265 tollit
759 3209 893 3287 totaque
916 3202 1035 3265 circum
1242 3212 1300 3281 325

189 3322 262 3365 aere
284 3300 457 3366 renidescit
479 3301 577 3366 tellus
599 3312 773 3388 supterque
797 3303 901 3367 virum
925 3304 957 3367 vi

190 3402 316 3468 excitur
337 3403 473 3488 pedibus
495 3405 621 3470 sonitus
644 3406 846 3492 clamoreque
869 3418 996 3472 montes

101 3657 139 3698 ert
150 3646 213 3697 read
224 3648 265 3696 hic
276 3653 366 3706 autem,
378 3653 407 3695 ut
413 3647 470 3709 fuit
482 3655 541 3705 tum,
554 3655 598 3697 est.
702 3650 749 3698 301
761 3651 836 3712 vique
848 3651 974 3700 cautant.
1010 3652 1085 3712 ioque
1097 3648 1214 3697 cautant
1225 3645 1300 3694 Pont.

102 3729 169 3781 Mar.
182 3729 240 3778 Ald.
253 3729 267 3777 1
280 3728 353 3781 Junt.
367 3728 436 3791 vulg.
449 3728 504 3778 ‘vix
515 3728 610 3780 latine’
623 3745 682 3794 says
693 3730 773 3780 Lech.
900 3732 947 3781 305
956 3739 1028 3781 extra
1039 3729 1121 3780 added
1132 3729 1166 3792 by
1177 3728 1226 3777 Ed.
1239 3727 1305 3776 after

102 3815 236 3874 quicqrmm
252 3817 297 3869 est,
313 3809 342 3859 in
359 3808 444 3861 which
460 3809 482 3860 it
497 3825 549 3860 was
566 3810 701 3861 absorbed:
719 3812 764 3862 the
780 3816 901 3863 sentence
916 3812 1029 3874 requires
1043 3811 1109 3862 this:
1127 3825 1210 3874 comp.
1226 3824 1242 3858 v
1257 3809 1304 3858 361

102 3892 157 3944 and
168 3907 178 3942 1
189 3893 246 3951 963,
259 3891 311 3942 end
321 3892 410 3945 Oamb.
424 3893 514 3943 Journ.
527 3893 556 3943 ol
568 3892 633 3957 phil.
646 3909 656 3942 r
667 3909 692 3956 p.
707 3896 764 3946 375.
797 3894 878 3944 Lach.
891 3895 956 3945 adds
967 3898 1113 3945 scortumst
1124 3892 1175 3943 end
1187 3891 1215 3941 of
1224 3904 1303 3941 verse.

101 3989 180 4038 nequo
190 3988 277 4023 norm
288 3974 318 4022 in
328 3988 396 4023 omno
408 3972 473 4023 Mar.
485 3972 543 4023 ald.
557 3975 570 4022 1
583 3974 656 4025 lunt.
668 3975 736 4038 vulg.
829 3977 877 4025 313
889 3979 945 4039 ipsu
957 3975 1010 4025 Gis.
1022 3976 1063 4025 for
1074 3978 1162 4038 ipsum.
1256 3971 1304 4019 314

103 4068 204 4117 surpere
214 4053 291 4104 Pont.
302 4053 377 4104 June.
389 4052 429 4103 for
440 4069 564 4118 murpere.
662 4057 711 4104 322
721 4058 761 4105 orl
772 4064 800 4105 ut
811 4058 840 4105 in
850 4055 928 4106 Laoh.
944 4055 1040 4119 rightly
1050 4056 1091 4104 lor
1101 4056 1180 4104 veluti
1192 4055 1220 4102 in
1231 4052 1260 4101 01
1269 4052 1305 4101 all

102 4151 166 4185 mss.
177 4135 230 4186 and
240 4134 308 4186 edna
324 4150 386 4186 mss.
398 4150 467 4186 seem
478 4140 507 4185 to
517 4135 584 4186 heve
595 4151 611 4186 r
622 4137 749 4200 tendenoy
759 4142 788 4187 to
803 4138 856 4188 this
871 4137 994 4188 blunder:
1012 4137 1061 4188 780
1075 4139 1115 4186 uti
1130 4138 1159 4185 iu
1169 4134 1210 4183 lor
1220 4141 1249 4183 ut
1260 4137 1303 4191 ia;

103 4219 183 4269 above
198 4234 221 4270 v.
233 4218 267 4269 86
274 4220 311 4283 fit
320 4220 360 4269 uti
375 4217 414 4268 lor
422 4220 457 4282 fit
472 4226 519 4280 ut3
536 4219 606 4282 Virg.
618 4219 680 4270 hen.
695 4234 722 4268 1v
737 4221 785 4269 402
800 4222 879 4268 veluti
895 4222 1020 4282 ingentem
1034 4218 1061 4266 M
1077 4231 1125 4276 ao,
1141 4218 1209 4265 velut
1225 4215 1245 4265 P
1258 4214 1304 4278 pb

103 4300 201 4364 rightly
205 4319 214 4362 ς
225 4314 253 4350 rr
264 4301 314 4353 708
322 4299 535 4359 0010111πῖ611,
548 4303 617 4351 velut
628 4303 657 4352 in
667 4302 688 4351 P
698 4306 746 4352 etc.
761 4317 802 4364 ap.
816 4301 944 4352 Ribbeck:
956 4303 995 4350 ati
1006 4299 1030 4349 is
1040 4313 1116 4349 never
1127 4297 1209 4347 found
1220 4297 1306 4347 before

103 4397 120 4432 a
130 4382 222 4433 vowel:
239 4396 282 4434 see
292 4382 348 4433 also
358 4382 407 4434 636
418 4382 469 4433 and
480 4382 560 4433 haoh.
571 4383 650 4434 there
752 4385 799 4432 325
811 4384 848 4432 ibi
861 4383 926 4432 Mer.
937 4381 994 4432 Ald
1010 4383 1023 4430 1
1035 4381 1109 4431 Jnnt.
1121 4380 1162 4429 for
1171 4380 1222 4429 ubi.
