2834 4792
656 199 687 262 V
1209 215 1267 278 241

152 363 274 449 quippe
295 362 354 428 ubi
375 384 410 427 se
432 361 531 426 multi
552 382 611 447 per
631 361 756 425 somnia
778 381 874 446 saepe
897 359 1066 446 loquentes

150 477 209 531 aut
232 465 343 531 morbo
365 464 541 530 delirantes
563 472 713 550 protraxe
736 463 883 528 ferantur

151 579 185 637 et
208 572 313 636 celata
333 569 425 636 molo
445 569 481 634 in
503 568 647 634 medium
670 577 704 633 et
726 576 859 654 peccata
880 566 1029 651 dedisse]
1192 568 1275 633 1160

195 674 295 739 Nunc
317 695 401 760 quae
423 694 520 738 causa
541 671 641 736 deum
662 693 720 756 per
743 691 877 757 magnas
899 671 1035 736 numina
1056 672 1164 756 gentis

152 777 352 864 pervulgarit
374 784 409 841 et
430 797 560 841 ararum
582 773 791 859 compleverit
813 773 903 839 urbis

155 877 422 964 suscipiendaque
446 878 567 942 curarit
588 875 758 941 sollemnia
779 898 875 950 sacra,

154 1005 238 1070 quae
258 982 402 1048 nuncin
424 981 553 1069 magnis
575 981 693 1047 florent
715 1002 805 1045 sacra
826 980 915 1045 rebu’
939 979 1088 1065 locisque,

154 1088 241 1153 unde
263 1087 364 1153 etiam
385 1107 473 1151 nunc
495 1094 545 1151 est
567 1084 758 1150 mortalibus
781 1083 899 1148 insitus
922 1084 1031 1147 horror

155 1192 213 1278 qui
233 1190 369 1257 delubra
389 1189 489 1255 deum
511 1211 595 1254 nova
617 1197 687 1253 toto
710 1187 849 1252 suscitat
871 1187 940 1252 orbi

155 1306 315 1361 terrarum
338 1303 372 1360 et
395 1294 485 1359 festis
507 1293 594 1380 cogit
617 1292 778 1358 celebrare
800 1291 924 1367 diebus,

155 1421 221 1463 non
243 1398 292 1463 ita
313 1397 475 1462 difficilest
496 1396 657 1461 rationem
679 1393 814 1460 reddere
836 1395 952 1471 verbis.

158 1503 279 1589 quippe
302 1500 425 1567 etenim
447 1500 513 1565 iam
536 1508 608 1565 tum
630 1498 739 1563 divom
761 1498 910 1562 mortalia
932 1499 1035 1564 saecla

158 1605 305 1693 egregias
327 1605 436 1670 animo
458 1604 556 1669 facies
577 1603 736 1690 vigilante
758 1601 912 1667 videbant

159 1719 194 1776 et
217 1709 320 1794 magis
341 1710 377 1773 in
399 1708 519 1773 somnis
541 1706 688 1772 mirando
710 1705 849 1792 corporis
871 1714 978 1772 auctu.

159 1813 211 1877 his
233 1813 336 1899 igitur
356 1834 486 1877 sensum
510 1810 699 1876 tribuebant
720 1817 891 1896 propterea
916 1809 1003 1896 quod

161 1917 307 1982 membra
327 1936 455 1981 movere
477 1913 673 1979 videbantur
694 1935 851 1999 vocesque
874 1915 1028 2000 superbas

161 2019 293 2084 mittere
314 2040 373 2104 pro
395 2017 476 2082 facie
498 2017 661 2103 praeclara
682 2025 717 2080 et
739 2016 862 2081 viribus
885 2017 1009 2102 amplis.

162 2129 393 2206 aeternamque
414 2119 537 2184 dabant
560 2118 671 2196 vitam,
693 2119 770 2204 quia
792 2141 919 2205 semper
940 2141 1050 2184 eorum

161 2224 432 2311 subpeditabatur
453 2223 550 2289 facies
572 2232 607 2288 et
629 2224 731 2287 forma
753 2223 915 2300 manebat,

162 2336 329 2393 ettamen
352 2328 482 2392 omnino
505 2326 590 2413 quod
612 2326 715 2392 tantis
737 2326 860 2391 viribus
883 2336 994 2392 auctos

162 2455 227 2498 non
248 2441 370 2498 temere
392 2431 460 2496 ulla
483 2432 515 2495 vi
537 2430 683 2497 convinci
704 2452 797 2516 posse
820 2432 989 2517 putabant.

162 2534 363 2622 fortunisque
385 2536 458 2601 ideo
480 2536 576 2622 longe
597 2544 761 2620 praestare
783 2535 954 2620 putabant,

162 2638 249 2724 quod
271 2638 385 2703 mortis
406 2638 506 2703 timor
526 2639 608 2703 haut
630 2661 827 2725 quemquam
849 2648 982 2705 vexaret
1004 2662 1123 2716 eorum,

164 2751 198 2808 et
220 2741 318 2807 simul
340 2742 374 2806 in
397 2743 518 2807 somnis
539 2742 616 2827 quia
639 2743 744 2808 multa
766 2751 800 2808 et
822 2743 904 2807 mira
925 2743 1079 2809 videbant

164 2845 288 2911 efficere
311 2852 345 2910 et
367 2845 493 2910 nullum
515 2867 628 2931 capere
650 2845 736 2930 ipsos
758 2845 833 2912 inde
856 2846 1005 2912 laborem.

164 2958 333 3036 praeterea
354 2948 434 3014 caeli
455 2949 597 3014 rationes
619 2948 730 3014 ordine
752 2957 840 3014 certo

165 3060 199 3116 et
221 3051 311 3115 varia
333 3073 490 3115 annorum
512 3050 687 3117 cernebant
709 3060 857 3137 tempora
878 3051 962 3116 verti

165 3177 224 3221 nec
246 3163 397 3241 poterant
419 3155 537 3241 quibus
558 3155 593 3220 id
615 3155 707 3221 fieret
729 3177 919 3242 cognoscere
942 3156 1053 3221 causis.

166 3279 242 3344 ergo
265 3258 449 3344 perfugium
471 3257 533 3322 sibi
554 3258 720 3323 habebant
741 3257 849 3322 omnia
871 3258 955 3323 divis

165 3361 293 3426 tradere
315 3369 350 3426 et
371 3359 498 3425 illorum
521 3369 607 3425 nutu
628 3361 732 3426 facere
754 3360 862 3425 omnia
884 3361 978 3427 flecti.

153 3465 202 3529 'in
223 3465 375 3551 caeloque
397 3465 495 3530 deum
516 3464 608 3529 sedes
631 3473 665 3530 et
688 3465 810 3550 templa
832 3466 987 3542 locarunt,

167 3589 226 3653 per
247 3567 373 3632 caelum
394 3567 479 3631 volvi
501 3566 578 3653 quia
599 3589 662 3631 nox
685 3576 720 3632 et
742 3568 820 3632 luna
843 3567 981 3643 videtur,

168 3669 248 3735 luna
268 3669 337 3735 dies
360 3676 394 3734 et
415 3692 478 3734 nox
501 3678 536 3734 et
558 3669 663 3734 noctis
685 3669 777 3757 signa
799 3691 911 3734 severa
1203 3691 1287 3755 1190

77 3935 161 3987 used:
178 3933 288 3986 another
298 3934 441 3986 indication
451 3936 510 3987 that
521 3936 656 3988 Pontauus
666 3952 728 4002 may
738 3938 804 3989 have
815 3938 868 3989 had
879 3939 1027 4003 possession
1038 3941 1066 3991 ol
1079 3939 1123 3990 the
1138 3955 1188 3991 ms.
1201 3942 1287 3994 before

78 4015 213 4069 Marullus
315 4015 379 4067 1160
394 4019 463 4067 niolo
474 4017 557 4068 added
568 4018 601 4082 by
612 4018 692 4070 Laolr.
726 4020 773 4069 diu
783 4019 848 4070 Mar.
861 4019 918 4069 Ald.
932 4021 1031 4070 lJunt.
1044 4023 1136 4086 vulg.-
1221 4027 1285 4079 1111

79 4100 215 4148 Ettomca
225 4098 333 4150 nomino.
367 4099 405 4147 Et
415 4106 499 4149 moer
509 4101 608 4150 ormino
619 4098 711 4150 Lamb.
723 4103 793 4150 most
804 4100 954 4164 perversely.
1034 4102 1098 4155 1118
1109 4107 1165 4155 ulla
1176 4108 1203 4156 vi
1214 4107 1286 4159 Brix.

80 4180 488 4231 Mar.srd.1sunt.1orruav1.
521 4180 655 4247 illa(ulla)
669 4181 802 4233 Ver.Ven.
908 4182 972 4234 1189
988 4198 1046 4233 nos.
1081 4187 1216 4238 losbach.
1249 4192 1287 4240 sol

82 4260 177 4311 lamb.
276 4259 341 4312 1190
350 4275 445 4312 scona.
463 4300 467 4311 .
478 4277 566 4312 meno
577 4261 709 4313 (laudidus
720 4268 747 4314 at
758 4263 809 4314 end
820 4263 849 4314 of
858 4263 932 4314 Junt.
944 4263 1025 4314 Laoh.
1037 4264 1121 4316 which
1132 4267 1223 4318 Lamb.
1231 4270 1287 4321 also

80 4345 190 4409 prefers:
209 4344 256 4396 the
272 4343 371 4408 mange
387 4346 415 4396 of
430 4359 519 4396 course
534 4347 558 4396 is
574 4361 635 4410 very
652 4345 744 4409 slight3
761 4346 807 4398 but
822 4362 910 4398 senem
926 4346 949 4396 is
965 4350 994 4397 1ο
1011 4361 1056 4411 my
1072 4351 1139 4400 teste
1155 4350 1201 4401 the
1216 4366 1287 4404 more

168 4445 204 4495 11.
1160 4439 1200 4500 16
