2834 4792
678 255 705 317 V

171 436 199 479 sl
222 436 295 479 run*
315 435 356 478 UT
377 434 536 478 FAOERENT
558 434 614 476 8111)
635 434 688 474 V1x
710 432 856 474 Annucos
877 432 917 474 UT
939 432 1019 473 ANTE

171 533 234 576 NON
255 533 404 585 duremur
425 532 524 574 Ammo
546 531 756 574 Pmnsnnrrss
776 531 878 584 erUn
899 531 1015 572 VIDEBE

172 631 259 683 QUAM
280 630 431 674 COHUNE
453 630 562 672 MALUM
584 629 696 670 lunam·
717 629 905 681 FOEDUMQUE
927 628 1076 671 FUTURUM

172 727 209 768 ET
232 726 326 769 MAGIS
348 726 381 768 ID
404 726 500 769 Possm
522 725 646 767 FAOTUM
667 726 868 767 CONTENDEBE
890 726 923 768 IN
945 724 1022 767 oum

172 824 206 865 IN
226 823 330 866 vanus
352 823 469 866 menbra
492 822 590 864 vasta
611 822 743 864 RATIONE
764 822 890 864 casaris

172 922 259 974 QUAM
280 921 377 965 OER'I'O
399 921 500 973 Areus
521 921 585 963 UNO
605 920 772 962 'PERRARUM
794 920 945 973 QUOLIBE'I'
965 920 1038 962 ORBI

172 1002 229 1067 sed
252 1003 355 1067 facere
378 1000 412 1066 id
433 1023 498 1066 non
521 1010 588 1064 tam
612 1000 762 1065 vincendi
784 1023 840 1086 spe
863 1002 1045 1077 voluerunt,

172 1127 270 1191 quam
293 1105 369 1169 dare
392 1105 478 1191 quod
499 1114 667 1190 gemerent
690 1104 807 1181 hostes,
829 1103 956 1190 ipsique
978 1104 1090 1189 perire,

172 1208 229 1293 qui
251 1228 385 1272 numero
408 1206 599 1272 diffidebant
621 1206 782 1291 armisque
806 1207 971 1271 vacabant.

216 1311 344 1376 Nexilis
366 1320 443 1375 ante
466 1310 529 1375 fuit
552 1310 650 1374 vestis
674 1332 772 1394 quam
795 1309 911 1375 textile
934 1318 1073 1395 tegmen.

171 1415 286 1481 textile
309 1423 382 1501 post
405 1416 565 1491 ferrumst,
588 1414 664 1499 quia
687 1415 769 1478 ferro
792 1412 858 1477 tela
880 1421 1021 1499 paratur,

170 1541 229 1583 nec
251 1517 376 1584 ratione
399 1518 463 1582 alia
484 1527 620 1603 possunt
643 1525 711 1580 tam
734 1517 818 1581 levia
840 1516 932 1602 gigni

171 1621 279 1686 insilia
300 1645 337 1687 ao
360 1622 424 1686 fusi
446 1621 529 1687 radii
551 1621 702 1707 scapique
725 1629 883 1685 sonantes.

171 1734 205 1790 et
227 1726 330 1790 facere
353 1736 429 1790 ante
452 1725 536 1789 viros
558 1724 666 1788 lanam
688 1732 806 1788 natura
828 1723 934 1809 coegit

172 1849 270 1913 quam
293 1829 449 1894 muliebre
471 1852 591 1914 genus3
620 1851 696 1893 nam
719 1829 813 1915 longe
836 1836 979 1914 praestat
1002 1826 1037 1891 in
1059 1835 1129 1891 arte

172 1940 205 1996 et
227 1932 389 1998 sollertius
412 1943 462 1999 est
484 1934 588 1998 multo
610 1955 713 2020 genus
735 1955 829 1997 omne
852 1931 960 2008 virile;

170 2035 326 2121 agricolae
350 2037 450 2102 donec
472 2037 552 2101 vitio
574 2045 699 2102 vertere
722 2036 832 2112 severi,

169 2146 208 2202 ut
232 2139 443 2205 muliebribus
465 2140 498 2204 id
521 2140 671 2204 manibus
693 2138 865 2204 concedere
888 2138 1008 2202 vellent

169 2250 268 2327 atque
290 2241 353 2328 ipsi
376 2243 496 2329 pariter
518 2243 635 2308 durum
658 2243 791 2307 sufferre
814 2243 954 2306 laborem

169 2354 268 2431 atque
291 2368 385 2432 opere
408 2346 442 2411 in
465 2348 545 2413 duro
567 2346 721 2412 durarent
744 2346 889 2412 membra
912 2368 1097 2432 manusque.

212 2448 259 2511 At
281 2448 444 2534 specimen
466 2449 599 2514 sationis
622 2458 656 2514 et
678 2449 841 2514 insitionis
864 2448 951 2533 origo

167 2548 238 2635 ipsa
260 2549 323 2615 luit
345 2574 452 2616 rerum
475 2551 617 2637 primum
639 2562 757 2616 natura
778 2551 916 2616 creatrix

168 2653 335 2718 arboribus
357 2655 509 2741 quoniam
532 2656 630 2721 bacae
652 2655 849 2742 glandesque
873 2655 1011 2719 caducae

168 2758 363 2843 tempestiva
385 2759 507 2824 dabant
529 2760 691 2846 pullorum
714 2759 863 2824 examina
884 2768 1015 2844 supter3

106 2946 109 2952 Ι
169 2862 256 2927 unde
279 2862 377 2927 etiarn
401 2863 565 2929 libitumst
587 2864 698 2950 stirpis
720 2863 923 2928 committere
946 2863 1043 2927 ramis

167 2972 201 3028 ct
223 2985 306 3028 nova
327 2963 476 3030 defodere
498 2965 533 3029 in
556 2973 675 3030 terram
698 2965 841 3051 virgulta
862 2986 920 3050 per
942 2987 1040 3051 agros.

167 3065 243 3131 inde
265 3067 362 3132 aliam
384 3077 483 3155 atque
505 3068 603 3133 aliam
625 3069 786 3133 culturam
808 3068 911 3132 dulcis
934 3069 1031 3155 agelli

168 3169 373 3254 temptabant
396 3170 584 3256 fructusque
607 3172 689 3236 feros
712 3163 932 3235 mansuescere
955 3181 1074 3236 terram

167 3273 343 3338 cernebant
364 3273 562 3361 indulgendo
584 3274 765 3360 blandeque
788 3275 927 3339 colendo.

166 3375 265 3461 inque
287 3377 356 3443 dies
378 3378 483 3466 magis
504 3379 539 3443 in
561 3387 705 3444 montem
727 3378 896 3444 succedere
919 3378 1015 3443 silvas

167 3479 325 3565 cogebant
347 3479 495 3567 infraque
518 3483 622 3546 locum
645 3481 817 3547 concedere
840 3480 944 3558 cultis,

165 3591 260 3668 prata
282 3585 371 3649 lacus
393 3585 480 3650 rivos
502 3594 629 3672 segetes
651 3585 825 3670 vinetaque
848 3584 934 3650 laeta

80 3909 116 3960 29.
217 3910 280 3960 1340
291 3911 376 3973 sacto.
404 3914 466 3976 sato
476 3912 499 3962 B
510 3926 575 3963 corr.
586 3911 682 3963 Lache
703 3912 749 3963 but
761 3926 802 3962 see
813 3916 888 3962 notes
899 3913 923 3961 2.
1026 3913 1188 3962 1341-1846
1200 3913 1281 3964 [rach.

79 3988 158 4053 iustly
169 3989 248 4054 ejects
259 3990 305 4041 the
315 3991 367 4041 last
378 3990 451 4042 three
461 3992 489 4042 of
504 3992 576 4043 these
587 4007 671 4043 verses
682 4007 711 4042 as
722 3992 767 4042 the
782 3992 851 4042 work
868 3994 897 4043 of
913 4007 948 4043 an
963 3991 1144 4056 interpolatcr;
1162 3993 1208 4043 but
1223 3993 1245 4044 it
1259 3993 1282 4044 is

80 4085 112 4122 no
128 4071 181 4122 less
197 4071 295 4122 certain
312 4071 372 4124 that
388 4073 433 4124 the
448 4074 505 4125 first
521 4073 593 4125 three
610 4089 654 4125 are
670 4074 782 4125 likewise
799 4074 933 4138 spurious3
956 4077 987 4126 Si
1004 4077 1061 4138 fait
1082 4083 1111 4125 at
1127 4076 1244 4138 facerent
1260 4077 1283 4126 is

79 4152 214 4218 obviously
230 4169 246 4204 a
262 4159 394 4206 comment
410 4170 446 4206 on
463 4158 513 4207 Sed
523 4159 612 4220 facere
629 4159 657 4207 io
673 4173 723 4207 uon
739 4165 790 4207 tam
806 4159 855 4208 oet.
890 4156 972 4207 Lech.
989 4160 1017 4208 to
1038 4157 1114 4207 make
1136 4171 1210 4208 sense
1230 4157 1284 4207 and

77 4235 242 4299 grammaria
253 4237 394 4300 compellari
405 4241 432 4288 to
443 4238 504 4289 read
515 4241 559 4290 Sic
565 4241 622 4302 scit
634 4238 697 4289 with
708 4239 773 4289 Mar.
781 4238 838 4289 ald.
854 4240 867 4287 l
880 4239 896 4287 J
897 4241 952 4289 unt.
964 4237 1056 4289 Iamb.
1066 4238 1107 4288 for
1118 4239 1148 4288 Si
1155 4240 1221 4302 fuir,
1230 4239 1283 4290 and

77 4320 104 4369 tc
115 4321 253 4381 transpose
265 4320 329 4370 1842
340 4319 393 4370 and
406 4321 482 4370 1343:
501 4335 542 4371 see
553 4320 641 4372 (lamb.
655 4321 747 4371 Journ.
759 4321 786 4371 ol
796 4320 861 4384 phil.
874 4336 901 4371 1v
912 4336 937 4385 p.
952 4323 1012 4371 288:
1031 4322 1184 4372 1345=52e

108 4402 172 4453 1351
191 4403 242 4452 telo
255 4410 373 4467 paratur.
410 4406 460 4454 telo
473 4413 602 4467 parantur
612 4405 704 4455 Lamb.
716 4404 865 4467 perversely.
969 4404 1032 4455 lats
1048 4412 1140 4455 terram
1150 4404 1230 4456 Lech.
1243 4406 1283 4456 for
