2834 4792
662 191 712 258 VI

187 355 448 442 quandoquidem
470 354 518 419 nil
540 363 590 420 est
612 354 677 419 nisi
698 377 769 419 raro
792 354 922 441 eorpori’
944 377 1039 420 nexu.

229 459 306 523 Huc
328 457 453 524 accedit
475 458 614 523 utinen
637 458 754 534 omnia,
776 480 859 543 quae
881 458 1045 523 iaciuntur

185 585 316 650 corpora
337 585 477 650 cumque
499 563 541 627 ab
562 563 669 639 rebus,
690 563 803 628 eodem
825 563 973 649 praedite
995 586 1091 629 sensu

185 675 285 752 atque
307 666 421 732 eodem
444 675 539 751 pacto
560 666 657 730 rebus
680 666 747 730 sint
769 666 920 731 omnibus
941 676 1027 753 apta

185 770 344 856 principio
366 779 487 835 terram
509 771 557 836 sol
580 772 731 856 excoquit
753 780 787 836 et
810 772 888 835 facit
909 794 972 847 are,

185 882 220 938 at
241 875 379 961 glaciem
401 874 548 939 dissolvit
570 883 604 940 et
626 876 702 939 altis
725 874 890 939 montibus
911 874 995 940 altas

185 986 407 1063 extructasque
429 979 520 1043 nives
542 979 640 1043 radiis
663 979 827 1043 tabescere
850 980 945 1065 cogit.

185 1080 325 1166 denique
347 1103 420 1146 cera
442 1081 569 1167 liquefit
592 1082 626 1145 in
649 1081 720 1146 eius
741 1090 835 1167 posta
857 1104 979 1168 vapore.

185 1184 270 1271 ignis
292 1185 373 1250 item
395 1183 557 1270 liquidum
580 1185 657 1249 facit
680 1207 734 1249 aes
756 1207 936 1270 aurumque
958 1186 1098 1262 resolvit,

185 1296 220 1352 at
242 1288 328 1353 coria
349 1297 384 1353 et
406 1311 533 1353 earnem
557 1288 660 1353 trahit
682 1297 717 1353 et
740 1289 891 1354 conducit
913 1289 948 1353 in
970 1312 1080 1356 unum.

185 1414 278 1456 umor
300 1413 403 1476 aquae
425 1414 520 1477 porro
542 1392 661 1457 ferrum
684 1393 841 1456 condurat
863 1393 905 1457 ab
927 1393 1005 1478 igni,

185 1502 220 1558 at
242 1494 327 1558 coria
348 1502 383 1559 et
404 1517 534 1558 carnem
557 1494 663 1559 mollit
684 1494 801 1559 durata
823 1494 934 1559 calore.

184 1598 370 1684 barbigeras
392 1598 530 1662 oleaster
552 1620 590 1662 eo
612 1597 706 1662 iuvat
728 1619 830 1682 usque
853 1598 1000 1683 capellas,

185 1702 296 1766 effluat
318 1702 498 1767 ambrosius
520 1702 613 1786 quasi
634 1724 717 1777 vere,
742 1709 776 1764 et
797 1710 926 1766 nectare
950 1701 1089 1783 tinctus;

185 1826 249 1889 qua
271 1805 318 1869 nil
341 1813 391 1869 est
413 1804 537 1869 homini
560 1803 645 1888 quod
667 1803 799 1867 amariu'
823 1802 969 1867 frondeat
992 1826 1071 1868 esca.

185 1907 325 1992 denique
348 1907 566 1972 amaracinum
590 1907 711 1993 fugitat
733 1929 787 1972 sus
809 1916 844 1972 et
865 1907 962 1972 timet
984 1931 1078 1973 omne

184 2019 386 2097 ungentum3
415 2033 491 2074 nam
513 2010 679 2095 saetigeris
701 2010 802 2074 subus
824 2033 896 2075 acre
918 2021 1119 2088 venenumst,

185 2115 270 2200 quod
293 2137 351 2179 nos
372 2114 537 2180 interdum
559 2123 727 2199 tamquam
750 2137 891 2178 recreare
914 2114 1051 2180 videtur.

183 2227 219 2283 at
241 2226 354 2283 contra
375 2219 468 2283 nobis
490 2241 624 2283 caenum
648 2219 836 2282 taeterrima
857 2241 931 2283 cum
954 2220 997 2283 sit

186 2322 365 2406 spurcities,
387 2321 500 2387 eadem
523 2322 623 2386 subus
645 2322 725 2386 haec
746 2322 888 2387 iucunda
910 2322 1047 2399 videtur,
1152 2332 1155 2340 ‘

184 2425 414 2490 insatiabiliter
436 2425 499 2490 toti
521 2435 560 2489 ut
582 2426 753 2490 volvantur
775 2426 904 2491 ibidem.

225 2529 298 2593 Hoc
321 2529 420 2594 etiam
443 2537 598 2615 superest,
620 2529 690 2614 ipsa
713 2552 809 2615 quam
832 2528 938 2593 dicere
960 2529 1000 2594 de
1023 2552 1057 2594 re

182 2629 352 2717 adgredior
373 2631 460 2717 quod
482 2631 655 2695 dicendum
677 2632 766 2716 prius
789 2653 858 2696 esse
881 2630 1017 2695 videtur.

183 2734 287 2799 multa
309 2735 466 2799 foramina
488 2757 561 2799 cum
584 2734 681 2799 variis
703 2735 769 2800 sint
791 2735 918 2799 reddita
939 2735 1044 2812 rebus,

184 2836 333 2901 dissimili
354 2837 442 2903 inter
463 2859 498 2902 se
520 2846 639 2902 natura
659 2838 807 2923 praedita
829 2838 948 2902 debent

182 2961 251 3004 esse
273 2948 307 3004 et
330 2940 449 3006 habere
471 2962 564 3005 suam
586 2948 736 3004 naturam
761 2963 906 3026 quaeque
928 2941 1067 3026 viasque.

183 3042 303 3128 quippe
326 3045 448 3108 etenim
471 3045 552 3109 varii
574 3067 686 3109 sensus
708 3046 929 3109 animantibus
951 3046 1071 3122 insunt,

183 3171 319 3234 quorum
342 3148 479 3233 quisque
501 3169 594 3212 suam
615 3148 742 3234 proprie
764 3171 832 3212 rem
854 3147 993 3233 percipit
1015 3149 1049 3211 in
1072 3170 1123 3229 se;
1233 3153 1294 3231 985

185 3275 262 3317 nam
284 3261 453 3339 penetrare
476 3252 539 3316 alio
562 3253 687 3316 sonitus
709 3252 835 3337 alioque
858 3275 1003 3338 saporem

93 3461 181 3513 which
191 3463 214 3511 is
226 3462 271 3513 the
282 3477 354 3512 same
365 3461 450 3523 thing.
478 3467 552 3513 ierac
563 3463 586 3511 A
596 3478 621 3526 p.
632 3477 667 3512 m.
678 3462 772 3513 caused
783 3464 816 3525 by
823 3471 938 3522 remotae,
948 3478 977 3512 or
987 3477 1016 3512 as
1026 3462 1107 3512 Laeh.
1120 3477 1179 3526 says
1189 3463 1298 3513 because

90 3543 138 3595 the
149 3543 286 3606 archetype
297 3543 351 3593 had
361 3543 426 3593 both
437 3545 492 3592 iare
504 3544 556 3593 and
566 3547 626 3594 iura
637 3543 721 3593 which
732 3545 765 3593 he
777 3543 850 3593 reads
863 3544 915 3593 and
926 3544 940 3592 I
952 3559 1009 3592 now
1020 3542 1092 3593 read:
1112 3558 1153 3592 see
1164 3547 1238 3592 notes
1250 3545 1274 3594 2.

127 3627 175 3678 958
192 3642 251 3676 raro
267 3625 372 3690 empori’
389 3642 455 3676 maa
470 3626 551 3676 Laeh.
569 3628 609 3676 lor
625 3642 683 3676 raro
700 3642 799 3689 corpore
815 3641 912 3677 msam.
1064 3625 1111 3676 962
1128 3628 1164 3674 rol
1180 3625 1249 3675 Flor.
1266 3627 1297 3674 31

91 3708 183 3758 (lamb.
197 3707 263 3757 Mar.
275 3710 323 3757 eto.
335 3708 375 3756 for
386 3722 442 3770 qao.
574 3708 622 3758 964
634 3722 680 3769 aaa
692 3706 775 3756 added
786 3706 820 3768 by
831 3706 899 3754 Flor.
912 3706 943 3754 31
955 3705 1032 3755 Pont.
1045 3706 1110 3754 Mar.
1122 3705 1180 3756 Ale.
1197 3706 1210 3753 1
1222 3705 1296 3755 Junt.

91 3797 219 3840 extractae
230 3793 347 3853 ninyam
357 3791 454 3840 Arane.
467 3793 494 3839 et
505 3790 555 3839 end
567 3790 595 3839 of
604 3790 699 3839 catull.
736 3792 786 3838 alta
798 3791 936 3838 Extremae
948 3791 1053 3849 alapam
1064 3789 1172 3850 Nauger.

128 3871 175 3923 965
192 3873 297 3936 liquefit.
334 3874 451 3935 liquescit
465 3872 524 3923 Vat.
539 3872 587 3921 640
603 3872 694 3921 Urbin.
707 3871 766 3920 Ver.
778 3870 843 3920 Ven.
855 3871 912 3922 Ala.
932 3870 946 3917 1
962 3871 1035 3920 Junt.
1049 3871 1103 3935 (not
1116 3870 1190 3935 Mar.)
1202 3869 1294 3919 hamb.

92 3953 236 4016 ‘liquescit
249 3955 272 4005 ε’
284 3955 375 4006 Heins.
390 3956 419 4003 in
429 3958 578 4006 manetes:
597 3955 643 4004 but
655 3969 690 4004 on
701 3953 755 4003 this
766 3953 821 4004 eod.
836 3951 917 4001 Medii
928 3967 969 4001 see
981 3950 1157 4001 introducticn
1168 3967 1193 4014 p.
1206 3952 1246 4000 24.

142 4037 189 4088 971
201 4039 338 4086 ambrosiae
353 4037 403 4087 Ed.
418 4036 458 4086 for
469 4037 613 4085 ambrosiae.
647 4038 784 4084 ambrosiae
796 4036 872 4097 quari
888 4040 980 4082 vemet
996 4035 1101 4082 mactari'
1114 4035 1205 4082 linetae
1215 4031 1295 4082 Irach.

90 4118 228 4181 elegantly,
239 4117 350 4181 perhaps
361 4117 466 4180 rightly.
601 4118 649 4168 972
662 4115 860 4177 Qaa...amam'a'
866 4117 987 4177 frmrdeat
999 4129 1054 4163 ecca
1065 4111 1145 4162 Lech.
1157 4113 1197 4161 for
1210 4115 1294 4175 Qua...

91 4203 189 4251 nterim
201 4201 294 4263 fronde
311 4214 341 4250 ae
358 4205 439 4249 caecet
456 4198 486 4258 A,
500 4205 568 4247 emet
584 4198 606 4245 B
623 4196 716 4246 Vienn.
734 4197 827 4258 fragm.
844 4195 928 4244 Nica:
946 4197 1057 4243 amariae
1072 4192 1142 4242 Flor.
1159 4194 1191 4241 31
1208 4193 1297 4242 (lamb.

91 4286 145 4332 two
156 4281 216 4331 Vat.
228 4281 295 4331 Mar.
459 4280 506 4332 973
519 4280 691 4328 amaracinum
703 4277 768 4326 Mar.
781 4276 853 4327 Junt.
869 4275 907 4324 for
919 4277 1079 4325 maracleam.
1248 4276 1297 4326 977

92 4365 208 4416 facunda
224 4363 313 4414 Gamb.
329 4363 395 4413 Mer.
407 4361 464 4412 Ala
480 4362 494 4409 1
512 4360 586 4410 Junt.
599 4359 652 4409 Gis.
670 4358 710 4408 for
721 4358 815 4408 ciaada
825 4358 855 4419 A,
875 4358 973 4406 iaaada
990 4356 1021 4404 B.
1054 4357 1162 4404 iecaada
1178 4355 1247 4404 Flor.
1265 4356 1296 4405 31
