2834 4792
680 248 729 313 IV

187 431 262 473 saxa
282 409 370 495 paris
392 410 509 474 formas
529 409 700 474 verborum
723 433 762 474 ex
785 411 896 476 ordine
919 412 1065 490 reddant,

187 513 326 599 palantis
348 514 482 578 comites
503 536 601 600 quom
624 515 744 579 montis
765 515 852 580 inter
873 539 988 602 opacos

187 617 371 701 quaerimus
392 624 428 680 et
450 638 568 702 magna
589 616 749 702 dispersos
772 641 847 683 voce
869 619 998 685 ciemus.

188 742 243 784 sex
265 720 365 784 etiam
386 728 446 784 aut
468 730 593 806 septem
616 720 686 785 loca
707 722 774 786 vidi
796 723 929 788 reddere
952 725 1045 800 vocis,

188 846 286 888 unam
308 847 382 889 cum
405 825 543 889 iaoeres:
573 825 620 889 ita
641 826 737 890 colles
759 826 894 891 collibus
915 828 979 913 ipsi

188 926 285 991 verba
304 927 507 1012 repulsantes
528 928 692 993 iterabant
714 928 809 994 docta
830 932 948 995 referri.

189 1027 267 1093 haec
289 1028 359 1094 loca
379 1029 567 1115 capripedes
588 1039 711 1116 satyros
734 1033 957 1118 nymphasque
980 1043 1090 1098 tenere

188 1131 319 1196 finitimi
339 1133 470 1220 fingrmt
491 1141 526 1197 et
548 1134 661 1198 munos
684 1157 753 1199 esse
776 1136 925 1201 locuntur

190 1258 324 1321 quorum
347 1236 516 1323 noctivago
538 1237 679 1322 strepitu
702 1238 841 1323 ludoque
864 1240 984 1304 iocanti

190 1339 362 1405 adfirmant
383 1339 477 1426 volgo
499 1340 662 1404 taciturna
683 1341 813 1405 silentia
835 1343 943 1428 rumpi

190 1443 441 1530 chordarumque
464 1465 557 1507 sonos
578 1443 649 1507 fieri
671 1444 838 1530 dulcisque
861 1447 1027 1530 querellas,

190 1546 271 1611 tibia
292 1569 373 1632 quas
395 1547 503 1611 fundit
525 1546 637 1632 digitis
659 1548 788 1632 pulsata
809 1558 993 1626 canentum,

191 1659 224 1714 et
245 1672 347 1736 genus
369 1648 545 1736 agricolum
568 1650 633 1714 late
655 1651 838 1728 sentiscere,
860 1674 958 1738 quom
981 1653 1050 1718 Pan

189 1752 284 1838 pinea
306 1753 448 1818 semiferi
470 1752 587 1838 capitis
609 1754 770 1818 velamina
792 1778 947 1840 quassans

188 1880 270 1922 unco
292 1878 387 1942 saepe
410 1857 499 1921 labro
520 1856 659 1921 calamos
680 1860 839 1943 percurrit
861 1859 992 1937 hiantis,

189 1960 299 2025 fistula
319 1960 500 2025 silvestrem
524 1982 564 2024 ne
587 1969 690 2025 cesset
713 1962 847 2026 fundere
871 1986 1005 2031 musam.

189 2075 296 2130 cetera
317 2065 358 2130 de
379 2086 497 2151 genere
520 2063 580 2129 hoc
602 2074 746 2129 monstra
767 2089 804 2130 ac
826 2076 977 2151 portenta
999 2068 1181 2154 loquantur,

187 2187 228 2230 ne
251 2165 320 2230 loca
341 2165 471 2229 deserta
491 2163 533 2228 ab
555 2164 639 2227 divis
661 2186 788 2250 quoque
811 2165 893 2230 forte
915 2175 1077 2252 putentur

189 2269 257 2333 sola
279 2278 399 2333 tenere.
446 2267 519 2331 ideo
541 2267 664 2331 iactant
687 2268 841 2333 miracula
862 2269 959 2334 dictis

188 2380 247 2436 aut
269 2371 378 2458 aliqua
401 2371 527 2436 ratione
549 2371 613 2436 alia
635 2372 808 2450 ducuntur,
831 2382 869 2437 ut
892 2397 985 2438 omne

188 2476 367 2540 humanum
389 2497 493 2562 genus
515 2483 565 2539 est
586 2475 718 2540 avidum
741 2477 838 2541 nimis
860 2477 1084 2542 auricularum.

233 2579 328 2660 Quod
349 2587 505 2664 superest,
526 2600 591 2643 non
614 2589 664 2643 est
686 2580 869 2644 mirandum
891 2602 956 2664 qua
977 2580 1111 2656 ratione,

187 2705 246 2768 per
267 2684 337 2748 loca
358 2705 442 2770 quae
464 2691 632 2769 nequeunt
655 2683 738 2746 oculi
760 2706 810 2748 res
832 2706 959 2747 cernere
982 2694 1119 2768 apertas,

189 2786 276 2851 haec
291 2787 360 2851 loca
381 2808 440 2872 per
462 2808 555 2851 voces
576 2785 710 2849 veniant
732 2787 882 2871 aurisque
905 2786 1069 2852 lacessant.

189 2889 393 2975 conloquium
415 2888 532 2954 clausis
555 2888 676 2953 foribus
697 2911 824 2973 quoque
847 2911 942 2974 saepe
964 2889 1120 2968 videmus,

188 2992 343 3056 nimirum
365 2992 442 3077 quia
464 3014 525 3055 vox
547 2991 711 3076 perflexa
733 2991 890 3055 foramina
911 3015 1019 3056 rerum

188 3095 358 3161 incolumis
381 3095 517 3160 transire
539 3102 657 3180 potest,
679 3095 849 3159 simulacra
870 3104 1045 3175 renutant;

188 3200 437 3286 perscinduntur
458 3198 554 3276 enim,
576 3199 640 3262 nisi
662 3206 750 3262 recta
772 3199 927 3264 foramina
950 3208 1090 3278 tranant,

186 3304 296 3391 qualia
316 3312 394 3368 sunt
415 3303 521 3380 vitrei,
543 3303 665 3389 species
687 3325 751 3387 qua
773 3303 912 3367 travolat
934 3303 1047 3370 omnis.

89 3480 114 3534 B
129 3514 201 3559 (tom.
213 3508 280 3557 Mar.
292 3507 332 3556 for
344 3508 417 3568 lapis.
451 3507 517 3568 lapis
527 3503 599 3554 Nico.
632 3503 713 3553 Lach.
726 3518 755 3553 as
766 3504 779 3551 Ι
791 3519 849 3553 now
859 3503 937 3552 think
948 3503 1058 3554 without
1071 3505 1198 3557 sufficient
1209 3523 1302 3558 reason

89 3577 232 3641 Quanta
242 3590 332 3640 solidis
343 3589 428 3637 adlisa
438 3587 506 3636 from
518 3588 588 3636 locia
742 3588 790 3637 577
801 3588 880 3635 vocis:
899 3601 939 3636 see
951 3601 977 3634 n.
990 3590 1018 3636 to
1029 3602 1039 3635 1
1052 3588 1099 3638 744
1106 3590 1199 3652 fragiis.
1233 3606 1303 3640 voces

86 3642 181 3725 Lfluh,
193 3672 263 3734 vulg.
410 3671 458 3721 578
472 3671 532 3731 ipsi.
565 3671 628 3732 ipsis
644 3684 692 3719 one
708 3668 767 3719 Vat.
783 3669 854 3717 Mon.
866 3668 924 3718 Ver.
937 3669 1016 3721 Ven.:
1033 3669 1115 3719 hence
1126 3671 1183 3719 ald.
1197 3673 1210 3718 1
1226 3671 1301 3723 Junt.

85 3738 170 3816 vulg.
181 3752 268 3803 before
278 3750 354 3801 Wak.
452 3751 500 3802 579
512 3752 584 3800 docta
595 3751 685 3813 referri
696 3749 776 3799 nach.
789 3751 829 3798 for
840 3750 910 3799 dicta
921 3753 1019 3813 referri.
1049 3752 1119 3799 dicta
1132 3754 1223 3814 referre
1235 3753 1301 3804 Mar.

83 3804 175 3885 lum,
186 3835 256 3897 vulg.
288 3835 342 3883 icta
352 3834 444 3897 referre
455 3832 542 3881 Bentl.
575 3834 629 3880 icta
639 3831 662 3879 is
674 3831 729 3880 also
741 3830 770 3878 in
782 3831 853 3879 Mon.
983 3833 1030 3880 582
1042 3834 1138 3880 iocanti
1149 3833 1173 3880 A
1183 3846 1247 3884 corr.
1262 3834 1302 3883 for

85 3888 208 3967 &aaa
327 3917 374 3966 aar
385 3916 512 3964 neumata
525 3913 596 3963 rua.
608 3912 677 3962 rror.
689 3914 720 3962 ar
733 3913 823 3962 camb.
838 3913 909 3961 non.
921 3913 989 3975 vulg.
1002 3913 1041 3962 ror
1052 3915 1183 3964 aiamim.
1220 3916 1300 3965 vara.

81 3978 171 4045 mus
180 3993 274 4044 Heius.
285 3992 315 4042 in
325 4006 375 4042 ms.
387 3995 470 4051 notas,
482 3992 518 4042 Is.
530 3991 603 4041 Voss.
616 3992 645 4040 in
657 4006 706 4040 ms.
718 3995 802 4052 notes,
817 3990 890 4039 Wak.
1026 3991 1075 4040 590
1087 3992 1177 4039 Cetera
1188 3990 1257 4041 Flor.
1270 3995 1300 4042 31

81 4046 191 4125 e“tuh
200 4074 266 4127 Mar.
278 4073 319 4123 lor
329 4074 426 4123 Petere.
532 4073 580 4124 594
591 4075 667 4122 uiuis
675 4074 855 4121 auricularum.
889 4072 961 4120 aimi‘
973 4073 1131 4120 miracloram
1142 4071 1223 4121 Lach.
1235 4074 1303 4124 alter

80 4124 199 4209 BQarth:
216 4156 366 4207 thisisnov
371 4154 417 4207 the
425 4154 497 4205 third
505 4154 569 4205 time
576 4154 610 4204 he
620 4155 668 4204 has
677 4151 829 4203 introduced
840 4152 897 4201 into
908 4151 951 4200 his
962 4155 1016 4201 text
1027 4151 1072 4200 the
1082 4152 1149 4200 form
1161 4155 1300 4216 mimulam,

80 4221 185 4290 wlua
195 4237 278 4290 anor
288 4252 352 4289 ona
363 4239 444 4288 round
454 4238 483 4287 in
493 4237 539 4287 ue
549 4252 614 4287 mss.
626 4238 740 4287 ortua.
839 4235 887 4286 aas
898 4235 1017 4283 arama.
1057 4234 1300 4288 arcamarcaa:

81 4288 147 4371 bat
159 4322 428 4384 amaracum
438 4320 539 4383 saraa
550 4319 723 4369 vuema=a
735 4320 767 4368 a.
780 4319 805 4380 f.
816 4318 879 4378 aa
890 4333 913 4367 a
927 4315 980 4365 ana
992 4316 1016 4364 a
1027 4318 1074 4364 not
1085 4315 1131 4365 aa
1143 4330 1213 4366 ame
1225 4317 1300 4382 thing

84 4385 124 4438 αἶ
143 4400 180 4452 all
194 4414 225 4451 as
240 4400 406 4464 Gouloqua'um
418 4401 539 4451 videmur.
574 4401 637 4449 Oura
653 4399 778 4461 loquimur
792 4397 886 4446 caasa
896 4396 1005 4459 foribus,
1020 4395 1086 4458 quod
1100 4409 1173 4457 saepe
1188 4398 1301 4448 videmus
