2834 4792
681 266 736 333 III

189 429 318 516 integit,
340 438 374 495 et
396 430 484 517 large
506 428 624 493 diffuso
647 428 768 492 lumine
791 427 906 492 rident.

189 531 297 596 omnia
318 532 507 619 suppeditat
529 553 623 617 porro
645 539 763 595 natura
784 552 889 616 neque
912 529 980 594 ulla

188 657 238 699 res
260 634 361 699 animi
383 657 495 720 paoem
517 634 641 699 delibat
663 642 807 719 tempore
829 634 864 696 in
886 633 961 698 ullo.

192 746 361 803 utcontra
383 761 543 824 nusquam
566 747 723 824 apparent
745 739 925 802 Acherusia
948 737 1072 823 templa
1274 750 1314 815 25

191 863 250 906 neo
274 842 371 907 tellus
393 841 505 907 obstat
528 842 607 928 quin
630 841 739 906 omnia
760 841 982 928 dispiciantur,

190 942 252 1008 sub
274 944 411 1030 pedibus
433 966 656 1030 quaecumque
678 945 761 1009 infra
782 944 958 1031 perinane
980 952 1145 1030 geruntur.

191 1047 243 1112 his
265 1047 312 1113 ibi
334 1071 386 1113 me
408 1048 506 1113 rebus
529 1049 686 1134 quaedam
710 1048 820 1113 divina
841 1049 992 1135 voluptas

189 1150 329 1237 percipit
351 1151 456 1237 adque
479 1151 598 1228 horror,
620 1151 706 1236 quod
728 1152 773 1215 sio
796 1160 913 1216 natura
934 1160 994 1216 tua
1016 1151 1049 1215 vi

189 1263 257 1318 tam
281 1254 453 1319 manifesta
474 1263 590 1340 patens
612 1277 652 1319 ex
675 1255 763 1318 omni
786 1264 877 1340 parte
899 1263 1023 1321 retecta
1045 1263 1103 1319 est.

233 1358 278 1422 Et
301 1357 453 1444 quoniam
475 1358 578 1433 dooui,
601 1367 791 1422 cunctarum
814 1358 944 1423 exordia
966 1379 1075 1422 rerum

187 1457 297 1543 qualia
318 1459 385 1523 sint
407 1468 442 1522 et
464 1480 562 1544 quam
587 1457 683 1523 variis
705 1458 862 1523 distantia
884 1458 994 1523 formis

187 1570 303 1647 sponte
325 1584 384 1626 sua
405 1562 544 1628 volitent
566 1571 698 1628 aeterno
720 1563 843 1649 percita
865 1571 957 1627 motu

189 1687 292 1751 quove
315 1666 410 1730 modo
432 1667 557 1751 possint
579 1689 629 1731 res
652 1689 691 1731 ex
714 1666 764 1731 his
787 1689 934 1753 quaeque
957 1665 1068 1742 creari,

188 1769 282 1833 hasce
305 1769 482 1834 seeundum
505 1791 555 1834 res
577 1769 678 1834 animi
700 1778 818 1834 natura
841 1770 971 1834 videtur

188 1888 287 1965 atque
310 1881 436 1945 animae
460 1880 610 1945 claranda
632 1880 713 1945 meis
735 1880 800 1945 iam
824 1880 968 1946 versibus
991 1901 1059 1944 esse

188 1992 222 2048 et
245 1992 352 2049 metus
375 1983 429 2048 ille
452 1984 536 2048 foras
558 2006 711 2070 praeceps
733 1984 930 2049 Acheruntis
951 1983 1104 2070 agendus,

190 2087 338 2151 funditus
360 2087 536 2151 humanam
559 2086 616 2172 qui
639 2087 740 2151 vitam
764 2087 876 2152 turbat
899 2086 941 2152 ab
962 2087 1027 2151 imo

190 2190 299 2256 omnia
321 2191 510 2255 suffundens
534 2191 646 2255 mortis
667 2190 793 2277 nigrore
816 2213 921 2276 neque
947 2190 1047 2254 ullam

188 2315 257 2358 esse
281 2293 482 2379 voluptatem
506 2293 663 2380 liquidam
685 2316 864 2380 puramque
886 2294 1050 2380 relinquit.
1263 2313 1310 2375 40

188 2419 264 2461 nam
287 2397 373 2482 quod
396 2419 490 2483 saepe
513 2396 659 2462 homines
682 2397 807 2462 morbos
829 2398 932 2485 magis
955 2419 1023 2462 esse
1046 2397 1208 2462 timendos

189 2500 410 2585 infamemque
434 2500 543 2565 ferunt
565 2501 667 2564 vitam
690 2522 788 2586 quam
811 2501 946 2565 Tartara
968 2500 1026 2565 leti

191 2612 282 2668 etse
305 2602 384 2667 seire
407 2603 535 2668 animae
558 2611 709 2668 naturam
732 2603 900 2690 sanguinis
922 2626 990 2668 esse

123 2708 166 2787 46
189 2714 247 2770 aut
271 2705 369 2770 etiam
393 2705 492 2783 venti,
514 2706 542 2770 si
565 2707 627 2771 lert
650 2707 698 2771 ita
721 2706 802 2771 forte
826 2707 984 2783 voluntas,

121 2828 165 2890 44
185 2831 246 2874 neo
267 2833 397 2895 prosum
420 2811 593 2897 quiequam
615 2820 743 2876 nostrae
766 2811 899 2876 rationis
922 2834 1024 2899 egere,
1264 2826 1307 2893 45

188 2913 264 2977 hino
288 2913 363 2978 lieet
386 2914 535 2979 advertas
558 2914 703 2978 animum
726 2915 829 3001 magis
852 2915 960 2978 omnia
982 2913 1087 2979 laudis

123 3033 165 3099 47
189 3016 302 3080 iactari
324 3039 420 3082 causa
442 3040 541 3102 quarn
564 3017 650 3103 quod
673 3040 723 3082 res
745 3017 817 3103 ipsa
838 3017 1002 3103 probetur.

188 3129 329 3186 extorres
352 3121 438 3185 idem
461 3122 568 3207 patria
590 3122 748 3208 longeque
771 3121 875 3207 fugati

189 3233 363 3309 conspeetu
387 3246 425 3288 ex
450 3225 626 3302 hominum,
649 3225 769 3290 foedati
792 3225 925 3289 erimine
950 3225 1047 3311 turpi,

191 3327 340 3392 omnibus
362 3330 526 3393 aerumnis
548 3329 667 3394 adfecti
689 3329 830 3415 denique
854 3330 977 3404 vivunt,

190 3440 224 3495 et
247 3454 450 3518 quocumque
473 3442 583 3498 tamen
606 3434 715 3498 miseri
737 3455 852 3498 venere
875 3442 1049 3519 parentant

191 3543 224 3599 et
246 3535 356 3621 nigras
379 3545 524 3601 mactant
547 3537 686 3622 pecudes
708 3545 742 3602 et
765 3536 908 3602 manibu‘
934 3537 1016 3601 divis

190 3637 321 3703 inferias
343 3639 482 3704 mittunt
504 3640 671 3726 multoque
694 3639 729 3704 in
750 3640 846 3705 rebus
869 3640 992 3705 acerbis

189 3741 294 3805 aerius
316 3742 492 3807 advertunt
514 3742 638 3807 animos
660 3741 701 3807 ad
724 3743 919 3830 religionem.

191 3867 254 3931 quo
277 3846 380 3933 magis
402 3847 437 3911 in
458 3846 567 3911 dubiis
588 3846 753 3911 hominem
775 3855 920 3932 spectare
943 3847 1069 3932 periclis
1269 3864 1305 3931 55

191 3949 341 4013 convenit
363 3950 569 4034 adversisque
592 3949 626 4014 in
649 3950 745 4015 rebus
767 3972 896 4015 noscere
920 3950 976 4035 qui
999 3950 1060 4030 sit;

190 4075 265 4117 narn
288 4075 382 4118 verae
405 4075 496 4118 voces
519 4063 590 4119 tum
612 4055 744 4119 demum
768 4063 896 4140 pectore
918 4054 959 4119 ab
982 4055 1047 4119 imo

105 4232 224 4292 founded,
236 4233 302 4283 have
313 4236 342 4283 iu
351 4236 457 4284 arabibus
469 4233 532 4284 with
544 4237 559 4283 3
571 4234 628 4285 Vat.
752 4236 782 4282 22
794 4235 879 4284 rident
890 4233 971 4284 Laoh.
983 4234 1024 4284 for
1034 4235 1109 4283 ridet.
1227 4236 1260 4284 28
1270 4236 1307 4284 ur

105 4313 180 4366 Pont
201 4314 315 4365 Gronov.
331 4315 406 4367 Wak.
427 4316 467 4365 lor
484 4317 536 4365 ubi.
572 4319 620 4366 tibi
637 4317 702 4365 Mar.
720 4316 794 4365 Junt.
945 4317 976 4367 29
992 4318 1029 4366 aia
1046 4323 1139 4365 notura
1155 4316 1253 4367 Arana.
1270 4316 1309 4367 lor

105 4399 246 4459 uquarum.
345 4399 377 4447 33
394 4403 494 4448 aeterno
511 4397 597 4447 Bentl.
615 4399 654 4448 for
671 4400 775 4448 alterno.
901 4398 934 4446 44
953 4397 1003 4462 (46)
1021 4397 1077 4447 first
1093 4395 1184 4459 plaoed
1199 4396 1261 4449 here
1276 4397 1309 4461 by
