2834 4792
736 246 784 311 VI

228 406 351 493 colligit
373 415 408 472 et
429 429 585 493 magnum
607 430 762 473 conamen
785 408 887 473 sumit
910 409 1018 484 eundi,

128 591 134 600 .
228 509 304 574 inde
328 509 384 574 ubi
405 533 470 588 non
492 511 601 596 potuit
623 511 727 576 nubes
748 533 863 596 capere
886 510 1005 596 inpetis
1028 520 1171 589 auctum,

153 693 155 696 Ι
229 613 422 698 exprimitur
444 613 493 678 vis
514 623 613 699 atque
636 614 710 680 ideo
732 614 819 678 volat
840 614 963 700 impete
987 615 1075 691 miro,

230 725 269 781 ut
292 717 407 782 validis
429 740 511 803 quae
534 717 574 783 de
597 719 768 783 tormentis
791 719 888 782 missa
910 719 1064 783 feruntur.

230 820 312 885 adde
335 821 421 907 quod
443 844 470 886 e
483 821 590 908 parvis
612 833 646 887 et
668 821 793 887 levibus
816 830 866 887 est
889 821 1067 898 elementis,

230 946 291 988 nec
313 924 437 989 facilest
459 924 519 990 tali
540 934 676 990 naturae
699 926 854 1011 opsistere
877 925 1070 1010 quicquam;

231 1025 317 1091 inter
338 1027 426 1093 enim
449 1028 534 1115 fugit
556 1050 593 1092 ac
615 1036 766 1113 penetrat
788 1050 939 1114 perrara
961 1027 1095 1103 viarum,

230 1154 296 1195 non
317 1131 420 1218 igitur
442 1131 555 1195 multis
576 1131 752 1196 offensibus
774 1131 808 1195 in
830 1132 1018 1196 remorando

232 1233 381 1312 haesitat,
406 1234 489 1298 hanc
511 1234 552 1298 ob
575 1257 644 1299 rem
667 1234 762 1299 celeri
786 1234 873 1299 volat
895 1235 1018 1320 impete
1041 1235 1158 1299 labens.

231 1337 357 1415 deinde,
379 1338 465 1424 quod
487 1338 616 1402 omnino
638 1350 755 1403 natura
778 1339 919 1423 pondera
941 1339 1089 1403 deorsum

231 1441 340 1505 omnia
361 1441 524 1518 nituntur,
548 1463 621 1505 cum
644 1441 772 1526 plagast
794 1441 906 1505 addita
928 1463 1011 1517 vero,

231 1541 395 1606 mobilitas
417 1541 603 1626 duplicatur
624 1549 658 1606 et
680 1542 823 1627 impetus
845 1542 900 1607 ille
922 1542 1090 1628 gravescit,

154 1719 157 1721 ¹
230 1654 270 1710 ut
292 1643 475 1709 vementius
497 1653 531 1709 et
553 1644 650 1710 citius
672 1667 895 1730 quaecumque
919 1654 1086 1710 morantur

231 1740 325 1815 obvia
347 1749 502 1814 discutiat
525 1749 627 1835 plagis
649 1748 813 1835 itinerque
835 1758 998 1835 sequatur.

231 1854 371 1939 denique
387 1854 478 1939 ‘quod
502 1853 596 1940 longo
620 1853 710 1918 venit
733 1853 865 1939 impete,
889 1875 1016 1917 sumere
1038 1853 1136 1917 debet

231 1956 448 2021 mobilitatem
471 1955 571 2020 etiam
594 1964 692 2041 atque
715 1955 824 2033 etiam,
847 1978 930 2041 quae
952 1955 1066 2020 crescit
1088 1956 1193 2020 eundo

234 2069 268 2125 et
291 2059 414 2125 validas
436 2068 536 2145 auget
560 2059 637 2124 viris
660 2070 694 2125 et
716 2060 844 2125 roborat
867 2060 977 2127 ictum.

232 2186 307 2228 nam
331 2164 407 2228 facit
430 2172 469 2228 ut
492 2186 575 2248 quae
597 2164 664 2228 sint
687 2164 774 2230 illius
796 2165 920 2230 semina
942 2187 1080 2251 cumque

232 2286 251 2328 e
273 2263 402 2350 regione
425 2263 530 2328 locum
553 2264 647 2349 quasi
670 2263 704 2328 in
726 2287 829 2329 unum
852 2274 969 2331 cuncta
991 2266 1143 2343 ferantur,

233 2367 341 2432 omnia
363 2367 523 2432 coniciens
545 2367 579 2431 in
602 2389 677 2432 eum
700 2369 864 2432 volventia
886 2391 1024 2435 cursum.

231 2469 364 2533 forsitan
386 2492 426 2534 ex
438 2470 518 2554 ‚ipso
541 2469 673 2534 veniens
695 2470 805 2535 trahat
828 2493 901 2535 aere
924 2471 1082 2557 quaedam

233 2595 364 2658 corpora
386 2594 469 2657 quae
491 2572 597 2659 plagis
619 2573 798 2637 incendunt
820 2573 1047 2640 mobilitatem.

234 2677 467 2762 incolumisque
490 2676 580 2740 venit
602 2699 660 2761 per
681 2699 731 2741 res
753 2688 851 2763 atque
873 2679 1001 2764 integra
1022 2678 1139 2743 transit

234 2780 348 2857 multa,
370 2781 580 2845 foraminibus
603 2780 746 2866 liquidus
769 2782 846 2867 quia
868 2783 1045 2847 transvolat
1067 2783 1159 2867 ignis.

233 2886 401 2970 multaque
423 2884 603 2971 perfringit,
626 2908 697 2949 cum
722 2908 852 2971 corpora
874 2886 1019 2949 fulminis
1041 2887 1112 2971 ipsa

234 2987 417 3073 corporibus
439 3010 546 3052 rerum
570 2986 762 3063 inciderunt,
785 3011 848 3072 qua
871 2996 962 3053 texta
984 2997 1146 3054 tenentur.

234 3090 383 3156 dissoluit
405 3113 498 3176 porro
520 3091 612 3154 facile
635 3112 689 3153 aes
710 3113 889 3176 aurumque
911 3100 1044 3177 repente

234 3194 468 3270 confervefacit,
490 3215 507 3257 e
530 3193 638 3278 parvis
661 3193 737 3278 quia
760 3195 845 3258 facta
868 3194 993 3258 minute

234 3298 420 3383 corporibus
443 3296 490 3361 vis
513 3305 562 3361 est
585 3306 619 3361 et
643 3296 770 3361 levibus
793 3321 831 3361 ex
855 3298 1033 3375 elementia,

234 3426 318 3491 quae
340 3403 433 3467 facile
455 3402 662 3466 insinuantur
684 3410 717 3466 et
740 3403 903 3466 insinuata
925 3417 1058 3489 repente

234 3508 413 3573 dissoluont
435 3507 535 3571 nodos
557 3507 661 3570 omnis
684 3517 718 3571 et
741 3508 846 3572 vincla
868 3508 1022 3572 relaxant.

233 3621 454 3695 autumnoque
477 3610 580 3696 magis
602 3610 705 3674 stellis
728 3611 929 3696 fulgentibus
951 3620 1029 3695 apta

145 3835 209 3890 pant
220 3826 287 3878 Flor.
298 3829 329 3877 31
342 3827 454 3883 (tamb2
466 3825 526 3877 Vat.
554 3830 704 3890 perpuntsic
713 3826 778 3877 Mar.
792 3826 864 3876 Junt.
878 3825 968 3876 hamb.
1009 3827 1057 3874 335
1067 3827 1173 3884 Deinde,
1182 3826 1254 3888 quod.
1277 3826 1348 3874 Adde

147 3912 215 3974 qood
225 3908 306 3960 bach.
318 3908 403 3958 which
415 3923 498 3958 seems
509 3912 537 3958 to
548 3923 590 3957 me
601 3908 679 3957 much
690 3908 789 3957 weaker
800 3907 865 3957 than
877 3907 921 3956 the
931 3921 981 3955 ms.
989 3906 1108 3968 reading.
1190 3906 1239 3955 336
1247 3908 1350 3969 placcat

146 3992 227 4042 Lech.
240 3991 282 4041 for
288 3993 369 4055 playa
379 3994 411 4042 ai.
443 3993 524 4055 playa
535 3994 570 4039 ait
581 3991 650 4040 Flor.
663 3991 694 4038 31
706 3989 795 4039 Gamb.
809 3989 844 4038 all
858 3989 942 4039 before
955 3988 1036 4038 Laoh.
1150 3989 1196 4040 347
1214 3989 1350 4038 iccertdcm

145 4076 169 4124 B
186 4075 291 4137 rightly.
324 4075 444 4125 incedant
460 4074 483 4122 A
499 4073 570 4122 Nico.
605 4073 739 4122 intendunt
757 4072 821 4122 Mar.
841 4071 900 4120 Ald.
922 4073 935 4119 1
954 4072 1028 4120 Junt.
1046 4069 1138 4120 Lamb.
1156 4073 1204 4119 etc.
1303 4071 1351 4121 349

146 4157 286 4208 transvolat
302 4156 413 4218 Nauger.
430 4155 498 4217 vulg.
516 4154 556 4202 for
578 4156 712 4203 tremulat.
747 4161 854 4209 transeat
874 4151 927 4202 Gii.
961 4193 966 4203 .
1061 4151 1110 4200 350
1122 4152 1261 4213 persi-inpii
1285 4150 1349 4201 Mar.

145 4237 205 4287 Ald.
219 4238 233 4286 l
249 4236 324 4286 Junt.
339 4235 408 4297 vulg.
423 4236 464 4285 for
475 4236 598 4298 perfriyit
613 4234 644 4293 B,
658 4235 761 4297 perfluit
777 4233 808 4292 A,
823 4224 948 4296 perfreyit
966 4231 989 4280 A
1006 4245 1071 4280 corr.
1087 4230 1123 4279 all
1137 4230 1203 4280 later
1217 4244 1279 4278 mss.
1292 4231 1351 4279 Ver.

146 4321 224 4370 Van:
242 4333 327 4381 comp.
340 4319 388 4368 138
395 4319 556 4381 perfricpeaa
572 4317 595 4365 A
610 4331 673 4366 corr.
688 4316 757 4378 vulg.
765 4317 907 4380 paninperc
921 4315 953 4376 A,
962 4315 1103 4377 perfricare
1118 4313 1148 4361 B.
1182 4311 1260 4362 Laola
1276 4312 1352 4375 keeps

143 4402 257 4466 perfipit,
269 4398 355 4450 which
363 4413 413 4450 can
424 4397 518 4460 hardly
529 4398 559 4448 be
570 4397 649 4460 right.
758 4399 806 4448 357
817 4403 880 4460 apto
890 4395 1026 4445 Turnebus
1037 4392 1120 4444 Bentl
1132 4392 1207 4476 Wak.
1220 4393 1300 4443 Laoh.
1313 4395 1354 4446 for
