2834 4792
736 250 765 312 V

232 416 319 481 unde
341 415 441 481 etiam
464 415 577 501 vigiles
599 436 686 479 nune
708 415 787 479 haee
808 423 942 500 aeoepta
963 422 1098 479 tuentur

231 527 268 583 et
289 539 461 582 numerum
483 538 609 581 servare
632 539 743 582 reeens
765 516 915 593 didicere,
937 539 1042 603 neque
1065 516 1131 581 hilo

234 621 386 685 maiorem
409 621 533 685 interea
555 620 690 705 capiunt
711 617 882 684 dulcedini'
905 620 1048 685 frustum

233 747 331 812 quam
353 724 500 789 silvestre
521 745 625 809 genus
647 723 796 810 capiebat
819 723 1064 810 terrigenarum.

233 850 310 891 nam
331 826 417 912 quod
439 826 532 891 adest
553 835 691 911 praesto
712 826 776 890 nisi
798 826 877 912 quid
899 827 1108 913 cognovimus
1130 833 1207 890 ante

234 930 373 1005 suavius,
395 929 430 993 in
452 928 566 1014 primis
587 930 694 1014 placet
717 938 751 994 et
773 929 892 1015 pollere
915 930 1052 1005 videtur,

234 1033 452 1119 posteriorque
475 1033 541 1097 fere
564 1032 677 1097 melior
698 1053 750 1097 res
772 1032 828 1097 illa
849 1041 978 1118 reperta

234 1135 341 1223 perdit
364 1144 399 1201 et
421 1135 576 1200 immutat
599 1157 712 1200 sensus
733 1136 774 1200 ad
797 1135 936 1221 pristina
957 1157 1113 1221 quaeque.

233 1238 279 1303 sic
302 1237 411 1302 odium
434 1238 541 1323 eoepit
562 1238 698 1325 glandis,
721 1237 766 1302 sic
788 1238 844 1301 illa
866 1238 978 1302 relicta

232 1352 337 1407 strata
359 1341 478 1407 cubilia
500 1351 577 1407 sunt
599 1342 707 1407 herbis
730 1352 764 1407 et
786 1341 953 1407 frondibus
975 1349 1079 1406 aucta.

234 1445 327 1530 pellis
349 1445 429 1510 item
453 1445 570 1510 cecidit
591 1446 692 1510 vestis
714 1453 901 1530 contempta
923 1444 1044 1509 ferinae
1056 1466 1064 1523 ;

232 1571 332 1634 quam
354 1572 426 1614 reor
448 1550 571 1614 invidia
593 1549 651 1614 tali
673 1558 753 1614 tune
776 1571 844 1614 esse
868 1558 1037 1633 repertam,

236 1663 274 1716 ut
296 1653 398 1718 letum
421 1653 547 1718 insidiis
568 1654 625 1739 qui
647 1653 748 1740 gessit
770 1653 894 1738 primus
916 1651 1029 1728 obiret,

233 1764 269 1819 et
292 1765 402 1820 tamen
424 1754 586 1821 intereos
609 1756 797 1821 distractam
820 1754 977 1841 sanguine
1002 1752 1105 1817 multo

235 1858 418 1944 disperiisse
440 1881 546 1945 neque
568 1860 604 1924 in
626 1859 768 1923 fructum
790 1865 977 1923 convertere
1000 1856 1116 1942 quisse.

235 1970 313 2026 tunc
335 1961 437 2048 igitur
458 1963 568 2049 pelles,
589 1985 676 2028 nunc
697 1985 814 2027 aurum
836 1970 871 2026 et
892 1982 1037 2047 purpura
1058 1958 1143 2023 curis

236 2074 386 2130 exercent
409 2065 577 2130 hominum
600 2065 701 2129 vitam
724 2064 872 2150 belloque
895 2062 1053 2147 fatigant;

234 2190 299 2252 quo
321 2167 424 2255 magis
446 2168 481 2232 in
503 2169 605 2246 nobis,
626 2178 664 2233 ut
687 2167 807 2252 opinor,
829 2167 924 2252 culpa
945 2164 1074 2230 resedit.

234 2271 334 2356 frigus
356 2273 443 2337 enim
466 2275 569 2338 nudos
591 2273 660 2337 sine
682 2272 821 2359 pellibus
843 2271 1047 2337 excruciabat

236 2376 430 2462 terrigenas3
460 2390 495 2442 at
516 2399 575 2441 nos
597 2375 644 2440 nil
667 2375 767 2440 laedit
789 2383 879 2440 veste
902 2396 1009 2438 carere

236 2500 398 2564 purpurea
419 2490 519 2566 atque
541 2502 619 2545 auro
641 2479 805 2565 signisque
828 2477 1017 2565 ingentibus
1039 2483 1125 2560 apta,

231 2581 314 2645 dum
336 2583 463 2668 plebeia
485 2592 597 2648 tamen
618 2583 662 2648 sit
684 2605 766 2669 quae
789 2581 961 2646 defendere
982 2578 1091 2665 possit.

237 2706 312 2772 ergo
335 2686 504 2751 hominum
526 2708 629 2773 genus
651 2686 813 2750 incassum
836 2685 1020 2768 frustraque
1042 2681 1167 2746 laborat

234 2810 363 2874 semper
386 2798 420 2854 et
442 2790 478 2854 ia
499 2789 585 2854 curis
607 2788 767 2853 consumit
790 2787 942 2852 inanibus
963 2807 1086 2860 aevom,

235 2892 390 2957 nimirum
413 2894 490 2980 quia
512 2915 577 2957 non
599 2893 749 2978 cognovit
771 2913 854 2976 quae
877 2891 920 2956 sit
943 2888 1085 2954 habendi

236 2994 310 3060 finis
333 3004 367 3061 et
390 2996 520 3061 omnino
543 2995 649 3082 quoad
672 3004 792 3060 crescat
815 3017 891 3059 vera
911 2995 1069 3079 voluptas.

237 3099 335 3184 idque
357 3101 547 3165 minutatim
571 3101 673 3165 vitam
696 3100 844 3186 provexit
866 3099 901 3162 in
922 3098 1027 3162 altum

235 3211 272 3267 et
294 3202 369 3269 belli
394 3225 528 3290 magnos
550 3203 724 3268 commovit
747 3202 894 3267 funditus
916 3212 1033 3266 aestus.
1274 3210 1351 3277 1435

281 3307 327 3371 At
350 3306 463 3393 vigiles
486 3306 600 3370 mundi
623 3328 777 3393 magnum
801 3304 950 3370 versatile
973 3303 1133 3388 templum

236 3410 283 3473 sol
307 3420 341 3475 et
363 3411 441 3474 luna
463 3431 521 3474 suo
544 3409 720 3496 lustrantes
743 3408 865 3473 lumine
888 3408 1008 3472 circum

237 3512 431 3598 perdocuere
454 3511 600 3576 homines
622 3533 780 3575 annorum
803 3519 949 3595 tempora
972 3507 1057 3573 verti

144 3741 239 3794 Iramb.
252 3740 344 3804 speaks
354 3739 383 3790 in
393 3738 439 3790 the
450 3753 521 3790 same
532 3753 613 3802 vagae
624 3753 681 3800 wey
692 3740 720 3789 of
730 3740 839 3790 Vatioan
850 3737 903 3788 end
914 3738 988 3788 other
1000 3751 1061 3786 mss.
1174 3735 1237 3786 1409
1255 3749 1353 3784 servare

148 3839 232 3874 reeens
244 3822 293 3872 Ed.
306 3823 346 3872 for
355 3836 456 3872 servare
466 3835 554 3883 oenus:
571 3836 671 3870 servare
682 3821 740 3870 first
751 3819 877 3870 absorbed
887 3818 932 3869 the
947 3834 981 3879 re,
996 3816 1060 3867 then
1077 3832 1132 3866 cens
1148 3815 1254 3866 beoame
1267 3829 1353 3877 oenoe.

148 3908 217 3956 sonis
228 3903 308 3954 Laoh.
342 3901 472 3962 Certainly
482 3918 559 3967 penus
570 3902 592 3951 is
604 3901 675 3964 quite
687 3901 852 3964 unmeaning.
889 3903 997 3951 numnis
1008 3900 1078 3949 Nise.
1093 3913 1123 3948 es
1133 3898 1192 3948 well
1203 3913 1232 3948 as
1243 3897 1312 3948 FIor.
1323 3898 1354 3946 31

150 3985 209 4038 Ver.
218 3986 283 4038 Ven.
291 3986 388 4036 Arane.
400 3985 428 4035 in
440 3984 499 4034 Ald.
512 3985 540 4045 13
558 3985 606 4034 but
616 3989 644 4035 et
655 3983 706 4034 end
717 3985 745 4034 of
754 3983 796 4033 his
808 3983 925 4034 catullus
935 3982 969 4032 he
980 3981 1038 4032 bids
1049 3995 1081 4030 us
1094 3980 1155 4031 read
1166 3995 1302 4030 numerum

184 4070 249 4120 1410
264 4071 387 4119 Maiorem
403 4067 472 4118 Flor.
490 4069 521 4117 31
539 4067 628 4117 Gamb.
645 4067 685 4116 for
701 4069 808 4117 Meiere.
841 4065 978 4116 drebodini’
1002 4063 1093 4114 Lamb.
1116 4061 1214 4125 rightly
1237 4062 1277 4111 for
1299 4061 1354 4109 dul·

149 4153 246 4203 rediere.
355 4150 420 4200 1418
431 4151 533 4212 ferinae
551 4149 624 4199 Junt.
644 4150 699 4215 (not
716 4150 792 4200 Pont.
810 4164 840 4198 or
856 4148 931 4215 Mar.)
950 4148 990 4197 for
1003 4148 1100 4210 serino.
1134 4147 1210 4195 vestie
1227 4151 1353 4195 contemta

144 4235 260 4298 ferisset
275 4232 365 4284 Iamb.
383 4232 422 4284 ed.
443 4231 529 4281 2and
545 4234 568 4282 3.
693 4232 756 4283 1419
773 4239 831 4282 trane
847 4231 918 4281 Brix.
936 4232 1012 4282 Pont.
1032 4230 1097 4279 Mar.
1114 4228 1172 4278 Ald.
1192 4229 1206 4276 l
1223 4228 1297 4278 Junt.
1315 4227 1355 4276 for

150 4332 225 4367 nune.
341 4315 404 4365 1431
418 4317 448 4364 in
464 4313 546 4364 added
558 4313 592 4377 by
602 4313 672 4363 Flor.
684 4316 715 4363 31
727 4313 815 4364 Gamb.
832 4313 902 4363 Mon.
915 4312 991 4362 Pont.
1003 4311 1062 4361 Ald.
1075 4313 1089 4360 1
1101 4311 1174 4360 Junt.
1291 4307 1355 4357 1436

148 4414 267 4462 moeream
281 4399 408 4448 verume.
444 4412 561 4459 moenum
571 4411 601 4446 ue
613 4398 730 4446 versatile
741 4395 791 4445 ud.
803 4395 832 4445 in
844 4395 920 4446 small
931 4395 987 4457 ed.;
1004 4393 1057 4444 end
1074 4409 1104 4444 ue
1120 4407 1181 4455 may
1194 4390 1261 4441 have
1276 4390 1357 4441 fallen
