2834 4792
667 192 716 257 IV

181 347 288 413 lurida
311 358 478 436 praeterea
499 351 585 418 fiunt
606 374 829 440 quaecumque
850 364 989 421 tuentur

181 454 319 538 arquati,
342 453 420 540 quia
442 455 556 521 luroris
578 455 618 522 de
640 479 771 544 corpore
793 481 904 524 eorum

180 557 306 621 semina
327 557 431 622 multa
452 558 560 624 fluunt
582 561 760 626 simulacris
782 561 877 627 obvia
898 585 1017 641 rerum,

131 678 161 726 0
182 660 352 747 multaque
374 670 451 727 sunt
473 663 574 728 oculis
595 663 631 728 in
653 686 764 730 eorum
786 665 926 753 denique
948 667 1060 743 mixta,

181 787 265 851 quae
287 774 424 852 contage
445 789 505 832 sua
525 767 701 853 palloribus
722 769 831 833 omnia
853 770 1001 856 pingunt.

182 890 201 933 e
222 868 367 934 tenebris
388 877 500 935 autem
522 892 605 956 quae
628 880 706 937 sunt
727 871 762 937 in
785 872 856 938 luce
880 882 1011 938 tuemur

181 981 353 1058 propterea
373 973 459 1058 quia,
482 995 556 1038 cum
578 975 707 1060 propior
728 975 877 1062 caliginis
898 998 954 1040 aer

182 1083 253 1140 ater
274 1075 338 1140 init
360 1076 468 1142 oculos
488 1076 576 1163 prior
597 1087 632 1143 et
654 1077 798 1164 possedit
821 1086 958 1164 apertos,

136 1191 159 1258 5
182 1178 366 1263 insequitur
387 1180 528 1245 candens
549 1180 718 1245 confestim
742 1179 867 1245 lucidus
888 1204 943 1246 aer

180 1280 237 1365 qui
251 1281 352 1367 quasi
373 1290 492 1368 purgat
515 1304 569 1347 eos
590 1304 628 1347 ac
651 1282 759 1368 nigras
781 1282 916 1347 discutit
937 1282 1068 1348 umbras

180 1382 263 1448 aeris
284 1383 389 1463 illius3
418 1407 495 1449 nam
517 1385 631 1449 multis
652 1385 801 1471 pertibus
824 1385 876 1450 hic
899 1394 949 1450 est

181 1486 329 1552 mobilior
350 1488 528 1574 multisque
550 1487 707 1553 minutior
729 1497 763 1554 et
785 1511 879 1576 mage
901 1489 1032 1574 pollens.

182 1589 238 1676 qui
259 1590 357 1655 simul
379 1599 479 1676 atque
501 1591 570 1656 vias
593 1591 757 1656 oculorum
780 1592 851 1657 luce
873 1591 1009 1678 replevit

128 1709 164 1756 0
182 1700 281 1778 atque
303 1694 458 1778 patefecit
480 1716 560 1780 quas
582 1702 659 1758 ante
682 1694 851 1759 obsederet
876 1717 931 1759 aer

181 1803 259 1874 ater,
281 1796 434 1861 continuo
456 1819 565 1862 rerum
586 1795 759 1861 simulacra
780 1807 934 1861 secuntur

181 1921 262 1984 quae
284 1899 349 1964 site
370 1908 448 1964 sunt
469 1900 505 1964 in
526 1900 607 1976 luce,
629 1899 854 1986 lacessuntque
876 1909 915 1965 ut
937 1900 1112 1965 videamus.

128 2000 162 2064 8
181 2002 266 2088 quod
289 2003 525 2068 contrafacere
548 2003 583 2066 in
605 2002 748 2068 tenebris
771 2025 789 2067 e
811 2003 882 2068 luce
903 2003 1076 2089 nequimus

180 2113 349 2191 propterea
370 2107 448 2191 quia
469 2106 626 2192 posterior
647 2105 796 2193 caliginis
817 2128 873 2171 aer

180 2209 312 2273 crassior
333 2209 516 2294 insequitur
537 2209 594 2294 qui
616 2217 733 2274 cuncta
755 2209 912 2274 foramina
935 2211 1074 2296 complet

180 2310 362 2397 obsiditque
384 2311 453 2377 vias
474 2312 647 2389 oculorum,
669 2333 711 2376 ne
733 2310 904 2376 simulacra

179 2414 303 2498 possint
325 2415 464 2480 ullarum
487 2437 595 2480 rerum
617 2414 762 2480 coniecta
784 2437 920 2480 movere.

179 2517 416 2604 quadretesque
437 2519 549 2604 procul
571 2518 670 2582 turris
692 2540 766 2583 cum
788 2519 950 2583 cernimus
967 2519 1069 2596 urbis,

178 2631 347 2708 propterea
369 2622 408 2687 fit
430 2622 481 2688 uti
502 2622 675 2687 videantur
696 2644 792 2708 saepe
814 2623 986 2700 rutundae‚

179 2727 317 2812 angulus
339 2735 476 2812 optusus
497 2726 575 2812 quia
597 2726 691 2812 longe
714 2725 858 2791 cernitur
878 2727 983 2791 omnis

179 2830 246 2895 sive
268 2831 369 2896 etiam
392 2832 500 2917 potius
522 2854 587 2895 non
610 2831 753 2896 cernitur
774 2854 812 2896 ac
835 2831 920 2916 perit
942 2831 1013 2896 eius

179 2935 273 3021 plaga
295 2957 355 3000 nec
376 2935 418 3000 ad
440 2944 565 3000 nostras
587 2934 672 2999 acies
694 2934 875 3019 perlabitur
898 2934 991 3012 ictus,

178 3061 252 3104 aera
273 3061 331 3124 per
352 3039 494 3103 multum
517 3038 595 3124 quia
616 3037 695 3101 dum
718 3037 890 3103 simulacra
912 3038 1070 3114 feruntur,

177 3143 263 3230 cogit
285 3142 456 3208 hebescere
479 3165 554 3208 curn
577 3142 698 3207 crebris
720 3142 896 3208 offensibus
917 3165 980 3208 aer.

177 3247 236 3311 hoc
259 3247 316 3311 ubi
338 3247 475 3334 suffugit
496 3269 628 3312 sensum
650 3247 746 3312 simul
769 3248 908 3334 angulus
931 3247 1043 3325 omnis,

176 3350 214 3415 fit
237 3351 329 3436 quasi
351 3359 390 3414 ut
411 3350 454 3416 ad
475 3356 606 3415 tornum
629 3373 778 3416 saxorum
801 3360 927 3416 structa
948 3360 1113 3429 terantur;

176 3461 374 3518 nontamen
397 3462 435 3519 ut
458 3476 564 3519 coram
587 3476 670 3540 quae
693 3463 771 3519 sunt
794 3476 932 3540 vereque
954 3454 1106 3530 rutunda,

128 3630 293 3693 ocwrongly.
402 3631 450 3682 342
462 3633 533 3681 illiue
545 3631 614 3680 Flor.
627 3632 658 3681 31
670 3632 759 3681 (lamb.
770 3631 829 3681 Ver.
841 3631 906 3681 Ven.
918 3632 984 3682 Mar.
996 3631 1038 3681 for
1048 3633 1135 3680 ullius.
1245 3633 1293 3680 345

128 3709 138 3760 5
153 3727 197 3761 aer
212 3713 273 3760 Ater
288 3711 366 3761 Bern.
383 3711 423 3761 for
438 3713 508 3761 Ater.
550 3720 613 3771 ater,
630 3715 698 3762 Acro
713 3712 792 3764 Lech.
836 3720 892 3763 ater
909 3714 1034 3762 Continuo
1052 3728 1072 3763 r.
1091 3727 1110 3762 s.
1131 3713 1255 3774 adaperta
1272 3729 1293 3761 s.

128 3808 158 3842 rr.
175 3792 207 3841 31
230 3792 318 3842 (lamb.
341 3792 409 3855 vulg.
432 3792 542 3843 without
563 3794 692 3856 meaning.
825 3795 872 3843 351
895 3810 942 3856 quc
964 3797 1021 3844 vias
1042 3795 1065 3844 B
1088 3808 1152 3843 corr.
1174 3793 1244 3842 Flor.
1263 3795 1294 3842 31

128 3873 178 3924 mh.
196 3873 262 3923 Mar.
279 3873 319 3923 for
336 3876 405 3937 quic.
513 3875 561 3924 352
577 3877 690 3924 coniecto
707 3875 772 3925 Mar.
790 3875 848 3925 Ald.
867 3877 880 3923 1
898 3876 972 3925 Junt.
990 3875 1030 3924 for
1049 3882 1168 3925 contecta.
1202 3889 1297 3924 movere

128 3955 174 4006 ntl.
184 3954 282 4018 rightly
292 3955 332 4005 for
342 3956 442 4012 moseri.
575 3957 624 4007 357
635 3958 702 4006 acies
713 3957 784 4006 Nice.
796 3957 818 4005 B
830 3971 895 4006 corr.
908 3957 948 4007 tor
958 3964 1020 4007 ates.
1049 3958 1191 4020 perlabitur
1202 3956 1293 4005 hamb.

144 4038 161 4086 3
175 4035 233 4086 first
248 4036 288 4086 lor
302 4037 460 4099 dotabitum
477 4037 545 4086 from
561 4036 647 4086 whom
662 4036 713 4087 (lif.
729 4037 768 4086 cd.
781 4039 796 4085 2
808 4037 870 4087 took
885 4038 906 4087 it
921 4038 1031 4089 without
1048 4036 1293 4100 acknowlcdgment.

128 4120 246 4168 trabitur
261 4117 334 4170 Nicc.
369 4120 497 4169 delabitur
512 4120 608 4169 Avenc.
641 4121 760 4169 iltrbitur
775 4120 840 4170 Mar.
861 4120 935 4169 Junt.
969 4122 1100 4170 adlabitur
1115 4120 1206 4171 Lamb.
1224 4119 1293 4171 ed.1

128 4199 176 4250 12.
211 4198 452 4249 cruciaremed.
466 4199 490 4250 1.
577 4201 625 4251 361
638 4209 736 4251 toruum
746 4201 814 4250 Flor.
827 4200 955 4251 312Vat
969 4200 1118 4252 Brix.Mer.
1133 4201 1292 4252 turtureum.

128 4280 280 4333 tumCumb.
309 4288 423 4332 terantur
433 4282 483 4332 Ed.
495 4283 536 4333 for
547 4289 658 4333 tuantur.
688 4282 887 4345 tuamurIrach„
901 4283 1104 4333 butodtornum
1113 4282 1296 4336 husnoscnse

132 4363 313 4418 construction
324 4363 389 4415 with
404 4372 508 4416 tuentur
523 4381 553 4416 or
564 4372 671 4426 memor,
685 4379 715 4415 as
725 4365 817 4416 Lamb.
829 4381 888 4428 sau,
901 4365 959 4415 who
973 4364 1047 4415 reads
1058 4371 1160 4415 tentato
1170 4371 1199 4414 ut
1209 4365 1250 4414 for
1259 4369 1296 4416 ad
