2834 4792
678 218 728 282 IV

189 381 247 466 qui
268 380 332 446 nisi
353 389 430 446 sunt
452 382 530 457 veri,
552 381 634 445 ratio
657 402 784 466 quoque
807 381 886 445 falsa
907 381 946 445 fit
968 382 1081 448 omnis
1244 386 1305 466 485

189 507 232 548 an
254 491 409 570 poterunt
430 482 538 548 oculos
559 505 654 549 aures
675 482 918 568 reprehendere,
940 507 983 549 en
1004 507 1099 551 aures

190 590 321 652 tactus?
349 609 392 650 an
414 586 499 651 hunc
522 608 615 672 porro
637 594 763 650 tactum
785 608 880 672 sapor
900 596 1016 674 arguet
1037 588 1110 665 oris,

190 713 232 755 an
254 690 470 755 confutabunt
492 710 586 754 nares
607 690 732 754 oculive
754 690 944 755 revincent?

189 819 262 870 non,
285 805 323 860 ut
346 795 466 880 opinor,
487 795 536 860 ita
557 802 615 860 est.
659 817 735 859 nam
757 817 901 860 seorsum
922 797 1040 882 cuique
1062 805 1210 883 potestas

189 901 333 977 divisast,
354 922 415 965 sua
436 899 485 964 vis
507 899 665 985 cuiquest,
687 898 823 985 ideoque
845 922 974 965 necesse
997 908 1047 966 est
1247 921 1313 985 490

190 1014 224 1069 et
247 1003 333 1090 quod
355 1003 451 1068 molle
473 1002 517 1067 sit
539 1011 573 1068 et
595 1002 739 1089 gelidum
763 1003 928 1068 fervensve
950 1026 1090 1070 ceoreum

189 1116 225 1172 et
246 1129 388 1171 seorsum
413 1107 517 1170 varios
539 1127 647 1169 rerum
669 1105 789 1170 sentire
811 1106 930 1171 colores

189 1220 223 1276 et
246 1231 469 1297 quaecumque
491 1209 642 1282 coloribu'
665 1209 731 1274 sint
754 1209 925 1275 coniuncta
946 1210 1060 1277 cidere.

190 1337 315 1380 seorsus
338 1315 418 1379 item
441 1336 535 1399 sapor
556 1314 620 1378 cris
643 1314 742 1379 habet
764 1314 841 1390 vim,
863 1336 988 1380 seorsus
1010 1315 1123 1382 odores

189 1428 375 1495 nascuntur,
397 1439 521 1482 sorsum
543 1416 675 1482 sonitus.
720 1416 857 1503 ideoque
878 1439 1009 1483 necesse
1032 1428 1084 1484 est

190 1546 254 1588 non
275 1522 401 1609 possint
423 1522 503 1586 alios
525 1521 581 1586 alii
604 1521 791 1586 convincere
814 1543 934 1586 sensus.

189 1649 248 1691 nec
270 1648 363 1711 porro
385 1633 540 1712 poterunt
562 1624 626 1711 ipsi
646 1624 881 1709 reprehendere
902 1647 981 1705 sese,

189 1752 293 1816 aequa
314 1729 394 1794 fides
415 1728 568 1815 quoniam
591 1727 724 1793 debebit
746 1749 873 1814 semper
894 1728 1014 1794 haberi.

189 1833 324 1919 proinde
346 1832 432 1918 quod
455 1833 489 1895 in
512 1839 672 1918 quoquest
694 1831 745 1896 his
767 1832 874 1896 visum
896 1839 1051 1917 tempore,
1074 1843 1235 1902 verumst.

189 1947 224 2003 et
245 1936 274 2002 si
295 1959 360 2001 non
382 1935 503 2021 poterit
525 1935 610 1999 ratio
633 1934 806 2000 dissolvere
828 1957 967 2012 causam,
1254 1955 1318 2021 500

189 2064 247 2106 cur
269 2063 307 2106 ea
329 2062 412 2126 quae
435 2038 557 2103 fuerint
580 2037 699 2102 iuxtim
722 2037 888 2123 quadrata,
912 2038 1022 2124 procul
1045 2038 1112 2104 sint

190 2144 259 2208 visa
280 2141 432 2219 rutunda,
456 2151 566 2206 tamen
590 2148 735 2227 praestat
756 2140 891 2205 rationis
913 2149 1064 2228 egentem

190 2247 322 2313 reddere
346 2246 498 2312 mendose
521 2267 634 2310 causas
656 2244 827 2331 utriusque
849 2245 980 2331 figurae,

190 2374 288 2438 quam
311 2349 461 2415 manibus
483 2348 656 2413 manifesta
678 2347 745 2411 suis
768 2347 918 2413 emittere
941 2370 1104 2434 quoquam

190 2465 224 2519 et
246 2453 365 2518 violare
388 2452 486 2517 fidem
508 2451 647 2537 primam
671 2460 705 2515 et
727 2450 906 2515 convellere
928 2459 1000 2516 tota

190 2559 403 2623 fundamenta
424 2555 542 2642 quibus
565 2555 698 2619 nixatur
719 2555 789 2619 vita
809 2555 968 2641 salusque.

190 2684 254 2726 non
277 2661 371 2725 modo
394 2661 481 2724 enim
504 2659 586 2723 ratio
609 2667 683 2723 ruat
706 2658 819 2735 omnis,
842 2658 911 2723 vita
934 2681 1061 2744 quoque
1084 2657 1158 2746 ipsa

190 2765 337 2830 concidat
360 2764 532 2849 extemplo,
555 2761 618 2827 nisi
641 2762 768 2827 credere
791 2762 938 2827 sensibus
960 2761 1047 2827 ausis

190 2868 439 2955 praecipitisque
463 2867 547 2932 locos
571 2867 673 2931 vitare
696 2874 730 2930 et
752 2875 860 2931 cetera
882 2888 965 2952 quae
987 2866 1055 2931 sint

190 2973 225 3035 in
246 2994 364 3058 genere
387 2972 446 3035 hoc
470 2970 632 3057 fugienda,
655 2970 747 3055 sequi
769 2970 929 3034 contraria
951 2991 1034 3055 quae
1055 2969 1131 3036 sint.
1250 2989 1315 3055 510

190 3075 246 3139 illa
268 3075 330 3139 tibi
353 3082 402 3138 est
425 3073 527 3160 igitur
549 3072 720 3137 verborum
743 3072 836 3157 copia
858 3094 948 3137 cessa

190 3178 294 3242 omnis
317 3199 398 3262 quae
422 3184 533 3239 contra
555 3197 667 3239 sensus
689 3174 849 3240 instructa
869 3182 1023 3260 paratast.

190 3280 328 3365 denique
353 3288 390 3343 ut
413 3279 446 3342 in
470 3279 599 3356 fabrica,
621 3278 649 3342 si
671 3287 802 3363 pravast
823 3278 936 3365 regula
958 3278 1072 3364 prime,

191 3405 365 3468 normaque
388 3383 415 3446 si
439 3383 535 3446 fallax
558 3382 655 3446 rectis
677 3382 863 3469 regionibus
886 3382 962 3460 exit,

191 3499 225 3556 et
248 3489 357 3554 libella
378 3490 487 3574 aliqua
509 3487 537 3552 si
560 3511 598 3553 ex
621 3488 708 3573 parti
730 3488 891 3553 claudicat
913 3488 1026 3564 hilum,
1250 3506 1309 3573 515

191 3593 300 3658 omnia
321 3593 474 3656 mendose
496 3591 566 3654 fieri
589 3599 687 3676 atque
711 3590 840 3675 obstipa
861 3612 990 3654 necesse
1013 3598 1064 3654 est

191 3718 290 3782 prava
312 3694 465 3759 cubantia
487 3716 588 3779 prona
610 3694 727 3779 supina
749 3701 847 3778 atque
870 3693 990 3757 absone
1013 3700 1108 3770 tecta,

190 3801 256 3864 iam
278 3820 370 3862 ruere
393 3805 431 3862 ut
454 3797 612 3882 quaedam
637 3797 809 3862 videantur
831 3796 924 3873 velle,
946 3805 1110 3883 ruantque

101 3981 205 4043 poterit.
239 3980 351 4042 poterint
362 3976 427 4025 Mer.
437 3975 495 4024 Ver.
508 3974 572 4024 Van.
708 3976 756 4025 491
768 3989 876 4024 aceruum
886 3974 972 4024 Bentl.
985 3974 1026 4024 tor
1035 3977 1133 4028 videris
1150 3990 1166 4027 u
1178 3991 1314 4044 necessary

105 4062 213 4124 change.
246 4059 337 4109 Lamb.
348 4058 409 4108 here
420 4058 590 4120 interpolates
601 4072 617 4107 a
628 4071 707 4107 verse.
798 4058 846 4108 493
857 4058 941 4106 videre
952 4056 1033 4106 Lech.
1046 4057 1086 4106 for
1095 4067 1218 4110 necessest
1228 4061 1314 4112 which

106 4146 154 4196 has
166 4160 238 4194 come
249 4144 316 4193 from
328 4158 343 4192 a
353 4140 541 4204 neighbouring
551 4155 629 4191 verse.
764 4138 812 4189 495
823 4141 969 4189 Nascuntur
979 4138 1037 4189 Ver.
1049 4138 1113 4190 Ven.
1126 4140 1194 4192 Mar.
1206 4144 1247 4193 tor
1259 4160 1313 4195 nae-

105 4235 204 4277 cautur.
362 4225 410 4276 496
423 4228 521 4288 poesim
532 4224 601 4272 Flor.
614 4224 645 4272 31
658 4222 729 4271 Mon.
741 4221 817 4271 Pont.
831 4221 888 4270 Ald.
901 4221 915 4269 1
928 4222 1001 4270 June.
1014 4222 1054 4271 lor
1066 4230 1181 4284 pereant.
1212 4235 1314 4289 poscent

106 4309 195 4360 Oemb.
293 4306 647 4371 498aeqqulor.3lPont.
662 4303 799 4354 Menhld.
814 4304 1063 4365 mansuraeque.
1160 4305 1314 4370 500poterit

105 4389 176 4439 Nice.
189 4390 341 4452 torpeterie.
467 4386 632 4436 tlletNico.
644 4387 666 4434 B
678 4401 743 4436 corr.
755 4387 865 4435 torethi.
992 4387 1040 4437 517
1050 4387 1137 4436 Pravo
1149 4386 1216 4440 Mer.
1228 4387 1313 4439 Aldl
