2834 4792
736 230 787 296 VI

244 416 359 481 corpus
381 402 420 459 ut
441 394 626 460 exanimum
649 394 764 480 siquod
785 395 896 481 procul
918 394 987 480 ipse
1010 396 1115 461 iacere

245 497 422 584 conspicias
443 497 591 574 hominis,
613 497 652 562 fit
673 505 712 562 ut
734 497 839 562 omnis
859 496 966 563 dicere
988 520 1101 563 causas

243 601 416 667 conveniat
438 601 505 679 leti,
527 600 656 666 dicatur
677 610 716 666 ut
737 602 826 667 illius
847 624 922 668 una.

244 728 319 770 narn
341 726 448 791 neque
469 726 544 769 eum
568 704 650 768 ferro
672 726 732 769 nec
754 705 871 792 frigore
894 704 1022 770 vincere
1044 705 1147 790 possis

244 807 405 872 interiisse
428 829 533 892 neque
555 829 576 870 a
597 807 707 872 morbo
729 830 835 893 neque
858 808 939 872 forte
962 829 1095 885 veneno,

243 934 357 977 verum
379 911 501 997 aliquid
524 933 642 998 genere
665 933 734 976 esse
757 934 797 976 ex
820 912 879 976 hoc
901 911 988 996 quod
1010 912 1150 999 contigit
1174 912 1205 977 ei

242 1015 369 1080 scimus.
399 1015 480 1080 item
502 1015 536 1078 in
560 1015 674 1080 multis
696 1015 756 1080 hoc
779 1016 875 1080 rebus
897 1016 1003 1081 dicere
1027 1017 1195 1082 habemus.

287 1117 385 1182 Nilus
406 1117 441 1181 in
463 1125 621 1183 aestatem
644 1117 758 1183 crescit
780 1118 965 1204 campisque
988 1120 1157 1199 redundat,

241 1222 357 1286 unicus
378 1222 413 1285 in
435 1221 529 1286 terris
551 1221 697 1308 Aegypti
720 1222 825 1286 totius
847 1223 960 1287 amnis.

244 1327 272 1390 is
295 1326 380 1412 rigat
402 1327 590 1411 Aegyptum
614 1325 758 1390 medium
780 1345 956 1412 persaepe
978 1327 1126 1403 calorem,

243 1439 301 1494 aut
325 1429 401 1515 quia
423 1438 500 1493 suut
522 1438 647 1494 aestate
670 1430 837 1516 aquilones
859 1430 942 1494 ostia
964 1438 1083 1508 contra,

243 1534 321 1598 anni
343 1543 488 1619 tempore
511 1555 548 1597 eo
571 1534 627 1619 qui
650 1534 770 1599 etesiae
793 1556 862 1599 esse
885 1534 1041 1612 feruntur,

242 1646 277 1702 et
299 1646 410 1701 contra
432 1638 568 1702 fluvium
591 1637 709 1701 flantes
731 1647 935 1703 remorantur
956 1649 990 1704 et
1013 1639 1116 1704 undas

243 1752 395 1828 cogentes
417 1763 527 1805 sursus
548 1741 676 1826 replent
699 1749 883 1826 coguntque
907 1765 1044 1810 manere.

243 1866 316 1908 narn
342 1842 441 1907 dubio
463 1843 573 1927 procul
596 1843 674 1907 haec
697 1843 830 1908 adverso
852 1844 953 1909 flabra
974 1846 1124 1909 feruntur

242 1947 386 2023 flumine,
408 1970 491 2032 quae
513 1947 627 2031 gelidis
649 1946 691 2010 ab
713 1946 816 2011 stellis
837 1948 907 2012 axis
929 1957 1079 2032 aguntur.

244 2048 299 2113 ille
322 2072 360 2113 ex
383 2048 535 2113 aestifera
556 2048 642 2134 parti
664 2048 756 2113 venit
777 2050 882 2114 amnis
904 2050 946 2115 ab
967 2058 1086 2127 austro,

243 2152 330 2216 inter
351 2151 444 2236 nigra
465 2151 569 2215 virum
593 2160 741 2237 percocto
763 2153 867 2217 saecla
888 2153 991 2217 colors

245 2255 391 2320 exoriens
412 2254 546 2340 penitus
567 2255 676 2320 media
697 2255 739 2321 ab
761 2256 892 2344 regione
914 2256 987 2321 diei.

245 2368 295 2424 est
318 2381 444 2445 quoque
469 2359 518 2423 uti
541 2358 642 2444 possit
665 2381 803 2447 magnus
825 2369 997 2447 congestus
1019 2361 1157 2425 harenae

245 2465 398 2528 fluctibus
421 2464 563 2528 adversis
585 2463 728 2549 oppilare
751 2464 835 2527 ostia
857 2473 977 2541 contra,

244 2591 317 2632 cum
340 2590 428 2631 mare
451 2576 634 2652 permotum
657 2566 762 2631 ventis
783 2567 851 2631 ruit
874 2567 963 2632 intus
985 2566 1157 2646 harenam3

244 2693 308 2756 quo
331 2672 369 2734 fit
392 2670 442 2735 uti
465 2679 559 2755 pacto
581 2653 664 2734 liber
685 2670 792 2734 miuus
815 2671 923 2735 exitus
945 2671 1033 2735 amni

244 2783 278 2838 et
300 2774 449 2859 proclivis
472 2774 550 2837 item
575 2774 633 2838 fiat
656 2773 763 2837 minus
785 2773 929 2859 impetus
951 2774 1055 2838 undis.

244 2878 282 2941 fit
306 2899 432 2962 quoque
455 2877 505 2939 uti
528 2876 657 2961 pluviae
680 2876 786 2941 forsan
808 2877 911 2962 magis
934 2877 974 2941 ad
997 2886 1096 2962 caput
1120 2876 1150 2941 ei

245 2991 389 3066 temporo
412 3004 450 3045 eo
473 2982 563 3057 fiant,
585 2980 671 3065 quod
694 2981 795 3045 etesia
817 2981 918 3045 flabra
939 2981 1127 3066 aquilonum

243 3085 356 3149 nubila
378 3084 540 3148 coniciunt
563 3083 597 3147 in
621 3106 674 3148 eas
698 3093 776 3148 tunc
798 3085 906 3148 omnia
928 3084 1037 3169 pertis.

243 3189 366 3253 scilicet
389 3187 430 3252 ad
453 3187 593 3251 mediam
617 3189 781 3273 regionem
804 3188 907 3252 eiecta
929 3187 995 3251 diei

242 3314 315 3356 cum
339 3298 566 3366 convenerunt,
588 3289 635 3354 ibi
657 3290 698 3354 ad
720 3290 802 3354 altos
824 3291 963 3375 denique
987 3290 1105 3354 montis

244 3404 413 3459 contrusae
436 3394 539 3457 nubes
561 3402 721 3479 coguntur
744 3393 839 3478 vique
862 3402 1061 3479 premuntur.

243 3497 377 3562 forsitan
399 3495 598 3580 Aethiopum
623 3495 755 3580 penitus
777 3495 816 3559 de
839 3495 1007 3560 montibus
1029 3495 1104 3560 altis
1298 3512 1357 3578 735

156 3726 221 3774 Mar.
234 3725 305 3776 Junt.
320 3725 411 3774 Lamb.
423 3730 471 3774 etc.
484 3723 614 3785 Wrongly:
632 3738 673 3772 see
684 3722 764 3771 Lach.
777 3723 860 3774 11194.
992 3723 1039 3775 705
1051 3725 1133 3772 iacere
1144 3723 1213 3772 Flor.
1227 3724 1258 3771 31
1272 3723 1360 3773 (lamb.

155 3807 227 3857 Brix.
240 3807 306 3856 Mar.
318 3808 358 3856 for
369 3809 470 3856 iaceret.
569 3806 616 3856 708
629 3820 686 3853 nom
698 3820 777 3867 acque
789 3805 857 3853 Flor.
870 3806 900 3853 31
913 3803 1003 3853 Camb.
1016 3804 1080 3853 Mar.
1094 3803 1134 3852 for
1144 3820 1259 3867 namque.

189 3891 237 3941 710
251 3891 342 3939 Verum
357 3889 422 3938 Mar.
434 3887 491 3937 Ald.
505 3888 519 3935 l
534 3886 550 3935 J
554 3889 608 3935 unt.
620 3887 660 3935 for
679 3889 775 3935 Utrum.
810 3889 917 3949 contigit
932 3889 957 3936 ci
973 3887 1027 3951 (cii)
1040 3887 1075 3938 Is.
1089 3887 1164 3935 Voss.
1181 3887 1209 3935 in
1225 3901 1275 3935 ms.
1288 3890 1360 3936 notes

156 3972 197 4020 for
208 3972 337 4020 conticitel
348 3971 378 4028 A,
390 3972 509 4019 conficite
524 3968 555 4026 B,
567 3971 698 4017 conticitcs
714 3967 785 4017 Nico.
797 3971 847 4017 two
859 3968 931 4018 Vct:
949 3983 965 4018 a
977 3967 1075 4018 certain
1090 3967 1242 4017 correction.
1277 3972 1361 4019 coccio

155 4056 226 4103 dicat
243 4054 356 4103 Flor.31
373 4056 423 4101 two
440 4049 596 4101 Vat.Ald.1
613 4051 706 4099 Lamb.
719 4049 758 4101 ed.
773 4050 787 4098 1
805 4050 858 4100 and
869 4052 893 4099 3.
927 4052 1012 4101 concio
1029 4053 1114 4100 credat
1132 4050 1221 4101 Gamb.
1235 4065 1285 4101 one
1301 4053 1360 4103 Vct.

155 4137 225 4187 Mon.
240 4136 314 4185 Junt.
326 4135 417 4185 Lamb.
432 4134 472 4184 ed.
485 4135 508 4182 2.
608 4134 655 4185 719
660 4135 746 4195 flabro
757 4133 826 4182 Flor.
839 4133 869 4181 31
883 4133 972 4182 (lamb.
985 4133 1043 4181 Ver.
1055 4133 1120 4181 Ven.
1133 4132 1273 4195 forflobro.

167 4221 235 4270 '727
248 4218 394 4267 omoiMar.
407 4214 635 4265 tunctoramou.
702 4213 923 4265 maeinanis-c.
937 4213 1124 4264 allVat.Brix.
1139 4213 1197 4262 Ver.
1210 4213 1274 4264 Ven
1310 4217 1362 4264 eiua

155 4300 225 4349 Flor.
238 4301 268 4347 ³1
282 4299 370 4350 (lamb.
385 4298 460 4346 Pont.
473 4296 538 4345 Mar.
549 4295 605 4346 Ald
622 4295 720 4346 lJunt.
732 4296 801 4356 vulg.
813 4295 899 4344 before
909 4295 988 4346 Lach.
1068 4297 1116 4348 730
1127 4296 1195 4358 quod
1208 4296 1273 4347 Mar.
1288 4296 1361 4346 Junt.

155 4381 253 4444 rightly
264 4382 304 4431 for
315 4396 373 4444 quo,
386 4395 415 4431 as
428 4387 486 4428 tunc
498 4378 612 4433 follows:
630 4377 716 4427 butas
728 4377 744 4426 J
746 4381 802 4427 unt.
811 4377 896 4426 writes
908 4377 929 4426 it
941 4376 1160 4440 compendiously‚
1170 4392 1204 4426 no
1216 4392 1266 4428 one
1277 4378 1362 4428 before
