2834 4792
639 186 688 252 VI
1205 205 1268 274 257

151 349 269 428 stridit,
291 349 348 439 ubi
370 349 405 414 in
425 349 570 437 gelidum
593 373 727 436 propere
749 351 962 415 demersimus
984 351 1129 418 imbrem.

152 453 270 518 aridior
292 475 384 539 porro
406 454 435 519 si
456 453 560 519 nubes
582 454 700 549 accipit
723 455 841 541 ignem,
1210 472 1271 538 150

152 555 258 621 uritur
279 555 408 644 ingenti
429 557 538 622 sonitu
561 580 714 623 succensa
734 566 889 645 repente3

152 660 341 726 lauricomos
363 670 401 726 ut
424 661 452 726 si
474 683 532 746 per
554 661 673 726 montis
695 660 826 725 flamma
848 668 985 748 vagetur

152 765 282 829 turbine
305 773 475 830 ventorum
498 764 689 830 comburens
710 764 834 851 impete
857 787 992 852 magno;

152 890 212 933 nec
233 889 284 932 res
306 867 373 932 ulla
396 867 500 954 magis
521 890 619 953 quam
643 867 765 932 Phoebi
788 868 948 953 Delphica
969 869 1078 933 laurus

152 970 292 1037 terribili
313 969 422 1035 sonitu
445 972 576 1036 flamma
597 971 777 1057 crepitante
800 981 969 1038 crematur.

152 1073 292 1160 denique
315 1095 411 1159 saepe
433 1073 498 1159 geli
520 1074 644 1139 multus
667 1075 772 1160 fragor
793 1084 893 1160 atque
915 1075 1009 1139 ruina

154 1176 321 1263 grandinis
341 1175 376 1240 in
398 1164 525 1263 magnis
547 1177 690 1242 sonitum
712 1179 769 1242 dat
790 1178 933 1242 nubibus
955 1179 1029 1244 alte.

155 1291 273 1344 ventus
295 1279 382 1344 enim
406 1302 479 1344 cum
502 1279 664 1355 confercit,
687 1281 889 1366 franguntur,
911 1280 945 1344 in
967 1290 1083 1357 artum,

153 1379 294 1443 concreti
315 1387 442 1443 montes
464 1378 647 1442 nimborum
670 1387 704 1443 et
726 1379 882 1464 grandine
905 1379 1007 1445 mixti.

197 1481 310 1568 Fulgit
332 1481 422 1557 item,
444 1480 548 1545 nubes
571 1481 656 1568 ignis
677 1503 751 1545 cum
774 1481 897 1545 semina
919 1483 1024 1547 multa

154 1606 321 1649 excussere
344 1607 402 1648 suo
424 1606 598 1663 concursu;
627 1606 686 1648 ceu
710 1582 851 1668 lapidem
875 1584 902 1647 si

154 1683 317 1767 percutiat
339 1682 422 1768 lapis
443 1691 502 1747 aut
525 1683 663 1762 ferrum;
692 1705 768 1746 nam
791 1691 863 1746 tum
886 1705 1013 1768 quoque
1036 1684 1146 1749 lumen

156 1785 248 1850 exilit
270 1794 304 1850 et
326 1786 427 1850 claras
450 1785 607 1850 scintillas
629 1785 765 1871 dissipat
788 1785 880 1872 ignis,

155 1885 211 1950 sed
234 1886 393 1950 tonitrum
415 1885 454 1950 fit
476 1886 528 1949 uti
550 1893 623 1970 post
645 1885 778 1949 auribus
799 1885 1003 1970 accipiamus,

155 1986 279 2071 fulgere
302 2007 399 2070 quam
421 1993 555 2050 cernant
578 1984 670 2061 oculi,
694 1984 772 2070 quia
794 2007 920 2070 semper
941 1984 982 2049 ad
1005 1986 1091 2049 auris

154 2088 278 2153 tardius
300 2089 479 2154 adveniunt
501 2110 599 2174 quam
622 2088 727 2151 visum
750 2109 831 2173 quae
855 2096 1005 2152 moveant
1027 2110 1084 2152 res

156 2191 288 2258 idlicet
310 2194 386 2257 hinc
409 2193 508 2258 etiam
532 2214 739 2279 cognoscere:
770 2192 902 2256 caedere
926 2192 953 2256 si
976 2214 1071 2278 quem

157 2294 294 2381 ancipiti
316 2295 426 2360 videas
448 2295 531 2359 ferro
554 2294 663 2380 procul
686 2293 809 2358 arboris
830 2301 974 2369 auctum,

156 2407 232 2463 anie
255 2398 293 2462 fit
316 2409 354 2463 ut
377 2420 488 2462 cernas
509 2397 612 2462 ictum
635 2420 733 2482 quam
756 2397 851 2484 plaga
873 2419 931 2482 per
952 2397 1039 2461 auris

155 2501 212 2566 det
234 2501 396 2580 sonitum;
425 2501 470 2565 sic
493 2501 651 2587 fulgorem
674 2522 802 2585 quoque
824 2501 984 2564 cernimus
1006 2509 1082 2564 ante
1214 2516 1275 2583 170

157 2627 254 2690 quam
278 2604 436 2669 tonitrum
459 2604 644 2689 accipimus,
666 2603 788 2688 pariter
809 2603 866 2688 qui
889 2603 1035 2668 mittitur
1056 2603 1124 2690 igni

157 2730 175 2772 e
198 2707 297 2771 simili
318 2730 425 2783 causa,
447 2730 601 2772 concursu
624 2715 721 2771 natus
744 2706 865 2773 eodem.

201 2810 274 2875 Hoc
297 2810 397 2874 etiam
420 2819 515 2895 pacto
539 2809 658 2874 volucri
681 2810 750 2874 loca
771 2809 893 2873 lumine
916 2809 1049 2895 tingunt

156 2914 260 2978 nubes
282 2923 316 2979 et
339 2914 479 2977 tremulo
502 2921 679 2998 tempestas
701 2913 824 2998 impete
847 2913 952 2999 fulgit.

157 3024 275 3080 ventus
296 3015 354 3079 ubi
376 3015 496 3079 invasit
516 3014 639 3079 nubem
661 3023 695 3079 et
717 3023 863 3079 versatus
885 3015 1006 3079 ibidem

112 3156 114 3160 Α
157 3120 234 3184 fecit
256 3127 294 3184 ut
316 3128 392 3184 ante
415 3142 526 3184 cavam
548 3118 643 3183 docui
666 3119 854 3204 spissescere
876 3119 1006 3196 nubem,

157 3221 339 3286 mobilitate
362 3243 420 3285 sua
443 3221 608 3299 fervescit3
638 3228 677 3284 ut
699 3221 807 3285 omnia
829 3230 920 3286 motu

157 3325 370 3411 percalefacta
391 3326 481 3390 vides
503 3324 676 3403 ardescere,
698 3324 851 3409 plumbea
873 3348 947 3389 vero

132 3488 135 3501 ,
156 3431 249 3517 glans
272 3430 372 3496 etiam
395 3431 490 3517 longo
512 3452 606 3494 cursu
631 3428 787 3494 volvenda
810 3428 966 3514 liquescit.

68 3685 103 3747 by
113 3683 205 3733 Lamb.
240 3685 347 3732 incidet
358 3682 431 3735 Junt.
443 3685 489 3732 not
500 3683 577 3731 Pont.
590 3696 619 3731 or
631 3681 697 3732 Mar.
709 3683 749 3730 for
761 3683 883 3734 trucidat.
917 3683 996 3732 Lach.
1009 3699 1044 3732 on
1055 3683 1099 3733 the
1111 3688 1232 3749 contrary
1242 3686 1270 3735 in

70 3767 119 3815 145
130 3766 170 3816 for
181 3768 225 3815 Fit
237 3765 311 3816 reads
321 3767 363 3815 ld.
498 3765 545 3816 149
557 3780 662 3828 propere
675 3765 741 3816 Mar.
753 3764 809 3814 Ald.
826 3766 840 3813 1
852 3765 868 3813 J
870 3769 925 3814 unt.
941 3764 980 3814 for
987 3775 1097 3830 propter.
1226 3769 1272 3818 151

68 3856 168 3912 repente
179 3848 249 3896 Flor.
262 3850 292 3897 31
304 3847 376 3897 Brix.
387 3846 464 3896 Pont.
476 3846 516 3897 sor
527 3855 631 3897 recente.
730 3846 777 3897 154
789 3863 827 3897 res
839 3850 894 3896 nlla
906 3848 1018 3897 Macrob.
1031 3853 1080 3899 sat.
1092 3852 1145 3898 v14
1158 3851 1172 3899 5
1184 3850 1224 3899 ior
1234 3866 1272 3900 res

70 3934 138 3980 uita.
171 3946 210 3980 rec
223 3932 276 3979 ulia
287 3933 345 3979 uita
356 3928 415 3979 Ver.
428 3930 493 3982 Ven.
528 3932 614 3979 resino
625 3930 694 3978 Flor.
707 3931 738 3978 31
750 3930 839 3979 camb.
955 3932 1002 3980 158
1013 3935 1042 3981 in
1053 3940 1143 3982 artum.
1178 3937 1271 3984 icario

70 4012 166 4065 Lach.:
183 4012 230 4062 but
244 4010 386 4062 somewhat
401 4010 521 4061 involved
537 4011 728 4061 constructione
745 4027 787 4062 are
804 4013 837 4075 by
853 4027 888 4062 no
905 4028 996 4064 means
1012 4014 1120 4065 avoided
1135 4015 1168 4078 by
1181 4017 1270 4068 Lucra

70 4109 154 4157 comp.
170 4093 281 4146 liband
293 4108 325 4142 m
337 4094 394 4144 843.
484 4093 531 4143 165
543 4095 649 4156 Fulpere
660 4094 731 4144 Nice.
743 4095 764 4143 B
777 4109 840 4146 corr.
856 4096 897 4144 for
907 4098 1009 4158 Fugere.
1100 4097 1147 4148 168
1158 4100 1274 4161 Ancipiti

69 4175 140 4225 Flor.
152 4177 183 4225 31
195 4176 266 4225 Mon.
278 4175 349 4225 Brix.
361 4175 401 4224 for
416 4176 541 4239 Uupipiti.
574 4176 661 4224 videas
673 4174 739 4227 Mar.
753 4175 827 4231 Junt.
841 4175 984 4227 torvideut.
1100 4179 1273 4229 liansimili

71 4257 96 4304 A
111 4255 183 4306 Nico.
195 4257 265 4307 Flor.
277 4257 308 4305 31
321 4255 411 4319 (Lech.
425 4255 540 4318 wrongly
556 4255 658 4316 assigna
674 4259 702 4304 to
719 4255 741 4305 it
757 4256 802 4321 Et)
820 4258 836 4305 i
851 4256 909 4307 Vat.
927 4256 998 4306 Brix.
1011 4258 1076 4308 Mar.
1091 4259 1163 4309 Junt.
1183 4260 1271 4310 Lamb.

71 4341 108 4388 Et
118 4339 199 4389 simili
210 4337 232 4386 B
245 4338 334 4387 camb.
346 4337 418 4388 Mon.
431 4339 446 4386 3
457 4337 515 4386 Vat.
527 4335 586 4387 Ver.
598 4335 663 4386 Ven.
676 4338 771 4386 Arane.
920 4338 968 4390 179
986 4340 1100 4402 liquescit
1115 4326 1191 4393 Pont.
1209 4342 1273 4393 Mar.

161 4437 197 4485 Μ.
1149 4423 1187 4489 17
