2834 4792
686 227 736 292 IV

201 416 277 458 nam
299 392 436 458 dubium
459 415 525 457 non
547 401 606 470 est,
628 392 749 457 animai
771 392 851 479 quin
872 414 970 479 opera
990 392 1035 458 sit
1255 413 1312 478 920

200 519 313 562 sensus
335 497 388 562 hic
410 497 446 561 in
467 497 569 576 nobis,
591 519 686 583 quem
710 518 785 562 cum
807 520 901 583 sopor
922 497 1049 583 inpedit
1072 518 1153 575 esse,

200 610 271 664 tum
296 599 388 665 nobis
409 600 552 665 animam
574 599 798 685 perturbatam
821 622 890 665 esse
912 601 1131 687 putandumst

199 705 400 789 eiectamque
423 704 524 783 foras;
555 725 620 768 non
642 725 789 783 omnem;
816 726 956 791 namque
979 705 1099 770 iaceret

198 818 331 873 aeterno
353 830 469 893 corpus
490 809 657 893 perfusum
679 808 797 894 frigore
819 806 886 873 leti

198 912 320 997 quippe
342 911 400 975 ubi
422 912 513 976 nulla
534 910 639 975 latens
660 909 781 974 animai
803 932 877 996 pars
898 921 1081 977 remaneret
1255 933 1308 998 925

200 1015 234 1079 in
257 1015 418 1091 membris,
440 1016 547 1080 cinere
570 1024 609 1078 ut
632 1014 737 1079 multa
758 1014 840 1080 latet
862 1014 999 1080 obrutus
1019 1016 1115 1104 ignis,

199 1119 285 1183 unde
308 1119 473 1183 reconflari
497 1140 610 1183 sensus
631 1141 689 1204 per
711 1118 856 1183 membra
877 1127 1011 1203 repente

199 1230 316 1307 posset,
340 1231 377 1285 ut
399 1243 438 1285 ex
462 1221 531 1307 igni
554 1243 647 1285 caeco
669 1243 859 1306 consurgere
882 1221 1035 1287 flammai

243 1323 308 1388 Sed
330 1323 449 1408 quibus
472 1323 551 1387 haec
573 1322 670 1387 rebus
693 1323 819 1388 novitas
841 1324 959 1390 confiat
982 1335 1017 1390 et
1039 1326 1128 1392 unde

200 1425 384 1510 perturbari
406 1425 515 1489 anima
537 1434 571 1490 et
593 1447 707 1511 corpus
729 1426 934 1513 languescere
956 1428 1069 1513 possit,
1257 1450 1316 1515 930

198 1528 386 1612 expediam:
416 1537 453 1592 tu
477 1529 526 1592 fac
549 1550 590 1592 ne
612 1528 719 1593 ventis
741 1529 840 1594 verba
861 1530 1061 1614 profundam.

198 1631 355 1717 principio
377 1640 511 1696 externa
533 1651 647 1716 corpus
670 1632 710 1696 de
733 1641 826 1717 parte
848 1655 1016 1698 necessum
1037 1645 1098 1714 est,

198 1733 292 1798 aeriis
314 1733 467 1818 quoniam
490 1733 632 1798 vicinum
654 1735 802 1820 tangitur
823 1735 917 1812 auris,

197 1837 328 1902 tundier
349 1846 448 1922 atque
471 1837 540 1901 eius
563 1836 673 1901 crebro
694 1838 851 1922 pulsarier
873 1838 950 1916 ictu,

198 1952 431 2027 proptereaque
455 1943 519 2006 lere
542 1964 592 2005 res
615 1964 725 2006 omnes
747 1951 806 2006 aut
828 1943 912 2007 corio
934 1952 1011 2008 sunt
1257 1965 1314 2034 935

197 2057 256 2112 aut
278 2048 378 2112 etiam
401 2047 529 2112 conchis
551 2055 610 2111 aut
631 2048 712 2111 callo
734 2057 793 2112 aut
815 2048 932 2114 cortice
954 2057 1070 2117 tectae.

197 2151 382 2217 interiorem
406 2152 505 2216 otium
528 2160 654 2239 partem
677 2151 874 2237 spirantibus
896 2175 952 2217 aer

197 2254 345 2319 verberat
368 2255 420 2319 hic
443 2255 538 2330 idem,
560 2276 635 2318 oum
657 2254 788 2318 ducitur
809 2263 908 2342 atque
931 2256 1071 2323 reflatur.

197 2382 295 2444 quare
318 2359 483 2443 utrimque
506 2380 596 2422 secus
618 2379 692 2421 curn
715 2380 829 2444 corpus
852 2361 985 2445 vapulet
1007 2370 1041 2426 et
1063 2384 1139 2427 cum

195 2463 385 2547 perveniant
408 2463 521 2548 plagae
545 2484 722 2547 perparva
744 2462 901 2529 foramina
922 2464 1015 2529 nobis

196 2567 334 2651 corporis
356 2567 397 2630 ad
419 2566 539 2652 primus
562 2566 664 2651 partis
686 2566 911 2653 elementaque
934 2569 1046 2653 prima,

196 2671 234 2734 fit
257 2670 348 2755 quasi
371 2671 529 2755 paulatim
552 2670 644 2735 nobis
666 2693 724 2756 per
747 2671 892 2736 membra
914 2673 1015 2738 ruina.

196 2775 430 2839 conturbantur
453 2775 540 2838 enim
563 2774 726 2859 positurae
750 2775 980 2861 principiorum

195 2877 333 2962 corporis
355 2886 454 2962 atque
476 2877 585 2941 animi.
630 2877 669 2940 fit
692 2877 742 2941 uti
766 2899 838 2962 pars
860 2878 936 2943 inde
958 2880 1078 2945 animai

194 2981 330 3044 eiciatur
353 2989 386 3044 et
410 2980 582 3043 introrsum
606 3002 678 3065 pars
701 2980 813 3045 abdita
836 2983 938 3058 cedat,
1251 3004 1309 3071 945

195 3105 268 3168 pars
292 3083 390 3147 etiarn
413 3082 568 3147 distracta
590 3105 648 3168 per
669 3093 759 3148 artus
781 3107 846 3148 non
869 3094 967 3169 queat
990 3109 1059 3151 esse

194 3185 366 3248 coniuncta
388 3184 473 3249 inter
495 3208 529 3249 se
551 3208 656 3271 neque
679 3199 769 3251 motu
793 3197 908 3252 mutua
931 3189 1042 3276 brugi;

193 3288 279 3352 inter
302 3288 387 3352 enim
411 3289 515 3373 saepit
539 3297 649 3353 coetus
670 3300 789 3354 natura
810 3291 965 3376 viasque;

193 3414 269 3477 ergo
292 3414 404 3455 sensus
426 3392 496 3456 abit
519 3392 654 3456 mutatis
677 3393 822 3458 motibus
844 3396 918 3460 alte.

193 3504 227 3559 et
250 3495 400 3580 quoniam
424 3519 487 3559 non
511 3505 560 3560 est
583 3497 674 3580 quasi
697 3498 782 3582 quod
805 3498 968 3564 suffulciat
991 3509 1089 3576 artua,
1245 3519 1306 3586 950

193 3598 297 3662 debile
320 3598 359 3661 fit
382 3620 496 3683 corpus
518 3599 795 3684 languescuntque
818 3602 926 3664 omnia
948 3602 1101 3679 membra,

191 3699 339 3765 bracchia
362 3701 598 3786 palpebraeque
622 3701 743 3765 cadunt
765 3702 968 3788 poplitesque
991 3703 1126 3768 cubanti

105 3891 227 3942 ABNicc.
265 3893 377 3942 Tutemet
385 3894 453 3955 vulg.
463 3894 543 3944 Lach.
610 3895 1000 3946 928Ponettaoh.for1³oait.
1066 3900 1303 3964 tttcortfiatPont.

105 3975 185 4024 Lach.
198 3974 348 4038 forconflat.
382 3975 579 4038 confleturFlor.
594 3976 727 4025 31Lamb.
740 3978 808 4039 vulg.
943 3980 991 4030 934
1002 3982 1065 4031 eiua.
1099 3983 1201 4032 obibus
1213 3983 1303 4034 Laolu:

105 4057 152 4106 but
163 4071 204 4106 see
215 4061 291 4107 notes
302 4059 325 4105 2.
439 4059 486 4108 944
492 4061 527 4122 fit
539 4059 715 4110 utiABNico.
731 4059 799 4111 Flor.
813 4062 844 4110 31
856 4062 945 4113 Oamb.
977 4063 1137 4114 sicutiBrix.
1172 4066 1303 4116 ricutVar.

106 4138 169 4188 Van.
203 4141 248 4197 sic,
260 4147 290 4188 ut
300 4139 375 4188 Pont.
389 4139 454 4189 Mar.
467 4141 534 4202 vulg.
549 4142 670 4204 wrongly.
769 4144 817 4193 945
828 4146 949 4194 Eiciatur
959 4145 1047 4196 hamb.
1060 4145 1101 4195 for
1112 4149 1255 4200 Eliciatur.

137 4222 184 4271 952
197 4221 253 4281 953,
266 4219 365 4283 though
375 4221 498 4285 perfectly
511 4222 602 4282 round,
615 4237 658 4272 are
669 4223 747 4273 much
758 4225 894 4287 corrupted
909 4227 943 4290 by
953 4227 1044 4276 Lamb.
1056 4226 1152 4278 Greeoh
1168 4231 1239 4294 vulg.
1272 4233 1302 4281 Is.

105 4302 221 4352 Vossius'
232 4317 280 4352 ms.
297 4306 357 4352 note
370 4301 394 4352 is
404 4302 487 4352 worth
503 4304 618 4365 quoting,
630 4319 659 4354 as
675 4305 783 4354 Haverc.
800 4307 853 4356 and
868 4307 971 4370 Praiger
981 4307 1171 4371 misrepresent,
1183 4313 1239 4363 and
1249 4328 1303 4363 con-

105 4385 240 4448 sequeutly
252 4384 326 4435 Wak.
339 4386 391 4436 and
401 4382 480 4461 bach.
496 4385 696 4448 misapprehend
711 4387 750 4446 it;
769 4388 889 4438 ‘omnino
904 4390 1017 4452 legend:
1030 4395 1191 4458 poplitesque
1205 4398 1306 4447 odanti
