2804 4786
675 210 726 277 IV

190 369 288 456 idque
310 370 395 456 petit
417 392 539 456 corpus,
561 392 653 436 mens
676 372 762 437 unde
785 380 835 437 est
857 372 966 436 saucia
987 394 1103 438 amore.

190 495 329 559 namque
351 496 463 539 omnes
484 474 675 560 plerumque
697 475 819 540 cadunt
841 475 876 539 in
898 476 1017 540 vulnus
1039 485 1074 541 et
1095 476 1185 541 illam
1236 555 1240 560 ἱ

190 575 308 641 emicat
329 576 364 640 in
386 587 512 662 pmtem
534 578 666 664 sanguis
687 578 774 644 unde
795 579 913 644 icimur
933 579 1012 656 ictu,
1216 577 1263 641 10'

189 690 224 745 et
246 681 273 744 si
295 680 474 745 comminus
496 689 554 758 est,
576 681 702 746 hostem
724 681 822 746 ruber
843 691 980 767 occupat
1001 704 1102 747 umor.

188 785 234 849 sic
256 784 357 871 igitur
378 785 515 849 Veneris
536 785 593 870 qui
614 786 690 850 telis
711 786 829 872 accipit
851 786 946 862 ictus,

189 889 255 951 sive
278 909 359 973 puer
381 887 534 952 membris
556 887 769 953 muliebribus
791 889 878 954 hunc
899 890 1061 955 iaculatur

189 1014 245 1056 seu
268 991 384 1056 mulier
406 999 476 1056 toto
498 991 621 1056 iactans
644 1014 662 1056 e
684 1014 813 1077 corpore
836 1015 990 1070 amorem,

188 1095 274 1160 unde
296 1094 419 1170 feritur,
442 1117 480 1158 eo
502 1095 610 1159 tendit
631 1095 798 1181 gestitque
820 1095 905 1160 coire
1221 1108 1261 1161 Ic

187 1208 222 1264 et
243 1199 348 1264 iacere
370 1220 516 1263 umorem
538 1198 573 1262 in
596 1221 711 1284 corpus
732 1199 772 1263 de
795 1221 925 1285 corpore
948 1200 1104 1281 ductum;

187 1324 326 1389 namque
348 1303 550 1388 voluptatem
572 1304 734 1390 praesagit
756 1313 849 1369 muta
869 1305 994 1392 cupido.

231 1407 321 1471 Haec
344 1407 456 1470 Venus
477 1414 527 1471 est
549 1406 659 1485 nobis;
689 1407 765 1472 hinc
785 1416 929 1473 autemst
950 1431 1070 1474 nomen
1093 1410 1216 1487 amoris,

188 1509 262 1573 hinc
284 1508 377 1573 illaec
399 1508 539 1594 primum
563 1509 699 1574 Veneris
721 1509 900 1575 dulcedinis
921 1510 958 1578 in
980 1532 1034 1575 cor

186 1612 323 1677 stillavit
345 1621 444 1698 gutta
465 1622 500 1677 et
521 1613 675 1678 successit
697 1614 814 1701 frigida
836 1637 919 1680 cura
1221 1633 1259 1681 Ic

185 1738 261 1779 nam
283 1715 311 1778 si
332 1715 426 1780 abest
448 1716 534 1801 quod
556 1739 654 1793 ames,
675 1728 802 1802 praesto
825 1718 998 1783 simulacra
1019 1727 1134 1784 tamen
1156 1727 1230 1785 sunt

184 1817 272 1883 illius
294 1826 328 1882 et
350 1841 467 1883 nomen
491 1819 584 1884 dulce
607 1820 795 1885 obversatur
816 1821 858 1885 ad
880 1821 976 1886 auris.

185 1920 241 1984 sed
263 1920 401 2004 fugitare
423 1920 517 1986 decet
539 1921 710 1986 simulacra
731 1931 765 1987 et
786 1923 906 2008 pabula
928 1923 1047 1988 amoris

184 2025 362 2089 absterrere
384 2025 447 2090 sibi
468 2035 567 2112 atque
590 2026 654 2090 alio
676 2036 862 2090 convertere
884 2036 1031 2091 mentem

185 2137 219 2193 et
240 2128 343 2192 iacere
366 2151 510 2193 umorem
533 2129 713 2194 conlectum
736 2129 771 2193 in
792 2152 924 2215 corpora
945 2152 1094 2216 quaeque
1221 2148 1258 2195 10

185 2254 243 2297 nec
265 2232 413 2309 retinere,
435 2233 535 2297 semel
558 2255 746 2298 conversum
769 2233 867 2298 unius
889 2255 1006 2311 amore,

185 2345 219 2401 et
242 2357 367 2400 servare
389 2334 453 2399 sibi
475 2358 584 2400 curam
607 2344 795 2421 certumque
817 2336 966 2402 dolorem.

185 2440 277 2504 ulcus
298 2439 386 2503 enim
408 2439 545 2503 vivescit
566 2447 601 2503 et
623 2439 830 2503 inveterascit
852 2439 967 2503 alendo

184 2542 282 2630 inque
304 2542 374 2606 dies
395 2541 502 2628 gliscit
525 2543 612 2606 furor
632 2551 731 2627 atque
753 2564 907 2606 aerumna
928 2542 1099 2628 gravescit,

184 2646 212 2710 si
235 2668 299 2710 non
321 2646 426 2731 prima
447 2645 540 2710 novis
562 2645 734 2710 conturbes
757 2646 888 2711 volnera
909 2646 1015 2732 plagis
1220 2665 1256 2712 1c

185 2749 417 2836 volgivagaque
440 2772 541 2836 vagus
563 2750 689 2813 Venere
711 2758 788 2813 ante
811 2749 954 2813 recentia
976 2772 1069 2815 cures

184 2861 242 2917 aut
265 2852 328 2916 alio
350 2854 452 2939 possis
474 2852 576 2917 am'rni
600 2851 768 2917 traducere
790 2861 905 2918 motus.

227 2956 298 3020 Nec
320 2955 456 3020 Veneris
478 2956 585 3021 fructu
608 2963 696 3020 caret
718 2956 746 3019 is
768 2956 826 3042 qui
847 2956 931 3021 vitat
954 2979 1106 3034 amorem,

184 3058 240 3122 sed
263 3058 371 3143 potius
392 3081 475 3144 quae
498 3068 576 3124 sunt
597 3058 666 3122 sine
689 3081 792 3143 poena
814 3060 981 3123 commoda
1003 3060 1124 3139 sumit3

183 3185 259 3225 nam
282 3169 368 3225 certe
391 3169 503 3246 purast
525 3161 611 3226 sanis
632 3161 736 3248 magis
758 3162 834 3226 inde
856 3161 1006 3247 voluptas
1220 3179 1255 3226 10

184 3288 282 3351 quam
304 3265 436 3330 miseris.
467 3265 589 3330 etenim
611 3265 760 3351 potiundi
783 3274 928 3350 tempore
950 3266 986 3330 in
1008 3265 1079 3352 ipso

183 3370 321 3435 fluctuat
343 3370 474 3435 incertis
496 3371 655 3435 erroribus
677 3371 771 3435 ardor
792 3380 961 3435 amantum

183 3496 242 3538 nec
264 3483 390 3539 constat
412 3475 490 3560 quid
512 3475 653 3561 primum
676 3474 776 3539 oculis
798 3475 1013 3560 manibusque
1036 3475 1195 3540 fruantur.

95 3710 161 3758 Mar.
183 3709 242 3759 Ald.
266 3709 279 3757 1
302 3709 376 3759 tunt.
396 3709 436 3758 for
453 3711 552 3759 adsita.
695 3707 863 3760 1047=1084.
1009 3706 1073 3758 1057
1092 3714 1162 3756 muta
1183 3707 1206 3755 A
1229 3707 1251 3756 N

96 3790 164 3843 Flor.
180 3792 211 3840 31
223 3792 315 3841 (lamb.
327 3792 399 3841 Mon.
411 3790 454 3841 old
464 3791 518 3841 eds.
529 3792 545 3841 J
547 3795 602 3843 unt.
770 3793 850 3840 molta
860 3790 882 3839 Β
893 3789 989 3839 Avane.
1002 3790 1113 3852 Nauger.
1125 3789 1218 3840 Lamb.
1230 3803 1253 3837 vr

96 3874 183 3923 before
204 3874 286 3924 Lech.
475 3875 538 3924 1058
556 3890 651 3924 nomen.
685 3889 779 3923 momen
797 3871 877 3922 Laeh.
897 3875 966 3921 most
988 3871 1177 3935 unpoetically;
1206 3872 1253 3921 Ore

97 3970 168 4005 more
189 3956 325 4019 elegantly‚
346 3955 393 4005 but
414 3954 524 4006 without
550 3957 687 4018 necessity,
709 3970 814 4005 norun:
848 3969 890 4004 see
916 3953 1007 4007 Gamb.
1032 3954 1123 4005 Journ.
1149 3954 1176 4003 ol
1200 3952 1252 4016 phil

94 4052 121 4100 p.
139 4038 179 4087 35.
211 4036 292 4087 Lech.
312 4038 368 4087 also
387 4037 415 4085 in
435 4035 480 4086 the
499 4041 562 4086 next
580 4052 651 4087 verse
670 4037 786 4100 wrongly
805 4039 866 4098 puts
888 4050 904 4085 a
925 4039 984 4098 stop
1006 4039 1035 4085 at
1054 4037 1138 4086 illaec.
1182 4036 1252 4084 illaec

94 4133 159 4170 corr.
177 4120 218 4168 for
233 4121 279 4168 ille
295 4119 326 4179 Δ,
343 4120 393 4168 illa
408 4119 440 4168 B.
480 4120 556 4169 illaec
576 4119 647 4168 Nico.
667 4133 717 4168 one
736 4119 794 4170 Vat.
838 4119 888 4166 illo
907 4125 931 4166 et
949 4117 1019 4168 Flor.
1042 4117 1072 4166 31
1093 4116 1180 4167 camb.
1205 4116 1252 4165 st

94 4201 169 4252 Pont.
298 4201 362 4252 1060
373 4203 485 4266 friyida.
513 4203 619 4266 semida
630 4201 783 4251 Mandant.
797 4199 987 4265 (notNauger.)
1000 4199 1103 4249 Groeoh.
1234 4199 1247 4247 1

88 4299 167 4333 enus.
201 4298 258 4332 aver
274 4282 354 4333 Lech.
366 4282 477 4333 without
488 4282 632 4345 necessity:
650 4298 692 4333 see
703 4288 779 4332 notes
790 4286 813 4334 2.
915 4283 978 4331 1065
996 4284 1133 4332 coauctam
1148 4281 1251 4346 (collem

94 4365 171 4417 Junt.
184 4366 232 4414 not
243 4364 319 4414 Pont.
331 4378 360 4415 or
372 4364 437 4416 Mar.
452 4364 493 4414 for
503 4367 648 4417 coniectum.
683 4373 823 4426 conoessum
833 4364 931 4413 Avens.
943 4368 970 4413 at
982 4362 1033 4412 end
1043 4362 1072 4412 of
1082 4362 1208 4413 Catullus.
