2834 4792
189 430 266 495 prae
288 409 408 490 macie;
437 410 573 476 rhadine
595 418 701 475 verost
722 408 789 475 iam
811 417 940 476 mortua
960 409 1053 475 tussi.

189 515 225 571 at
247 507 376 573 tumida
396 516 431 574 et
453 531 630 574 mammosa
652 507 751 576 Ceres
772 517 823 574 est
844 509 917 596 ipsa
936 508 980 573 ab
1002 507 1128 585 Iaccho,

189 608 307 674 simula
329 611 440 676 Silena
461 634 498 676 ac
520 620 670 688 saturast,
692 611 820 676 labeosa
841 611 992 698 philema

188 721 296 778 cetera
317 713 357 778 de
379 736 496 800 genere
519 715 580 779 hoc
601 715 734 801 longum
756 722 806 779 est
828 714 857 779 si
878 714 984 779 dicere
1006 735 1110 778 coner.
1214 725 1274 789 1170

189 816 246 880 sed
268 825 378 881 tamen
401 826 470 883 osto
492 818 558 882 iam
581 817 754 903 quantovis
776 817 839 882 oris
862 818 988 893 honore,

189 919 241 983 cui
264 920 400 986 Veneris
422 922 576 986 membris
601 921 647 986 vis
669 920 819 986 omnibus
841 921 1038 986 enodatum·

189 1044 307 1108 nempe
329 1023 412 1088 aliae
434 1046 561 1109 quoque
584 1033 679 1103 sunt;
708 1045 826 1110 nempe
850 1024 910 1088 hac
932 1023 1002 1088 sine
1024 1021 1167 1086 viximus
1187 1031 1262 1096 ante,

189 1150 306 1214 nempe
328 1128 441 1192 eadem
464 1126 550 1204 facit,
572 1136 607 1192 et
628 1127 748 1192 scimus
769 1129 881 1205 facere,
903 1125 1013 1191 omnia
1033 1124 1133 1210 turpi,

190 1239 224 1295 et
247 1231 396 1296 miseram
419 1231 533 1296 taetris
554 1252 589 1295 se
611 1231 699 1295 suffit
720 1230 871 1295 odoribus
892 1229 965 1316 ipsa
1217 1234 1272 1302 1175

190 1357 288 1422 quam
311 1336 451 1400 famulae
473 1336 568 1422 longe
591 1336 735 1422 fugitant
758 1334 935 1419 furtimque
958 1331 1161 1398 cachinnant.

189 1447 225 1503 at
248 1439 418 1503 lacrimans
439 1437 587 1503 exclusus
608 1447 735 1503 amator
756 1437 869 1502 limina
891 1458 987 1521 saepe

190 1541 323 1607 floribus
345 1551 379 1607 et
402 1542 497 1607 sertis
519 1541 624 1627 operit
646 1542 811 1627 postisque
834 1539 988 1626 superbos

191 1647 309 1733 unguit
331 1647 513 1711 amaracino
535 1656 570 1711 et
592 1646 714 1711 foribus
735 1645 832 1710 miser
854 1645 962 1709 oscula
984 1643 1078 1730 figit;

191 1771 287 1834 quem
311 1751 346 1827 si,
368 1751 433 1814 iam
456 1751 654 1827 ammissum,
678 1749 863 1814 venientem
886 1747 1058 1814 offenderit
1080 1769 1160 1812 aura

192 1875 258 1917 una
280 1856 383 1930 modo,
405 1877 517 1919 causas
538 1854 679 1919 abeundi
702 1862 836 1939 quaerat
858 1853 1018 1939 honestas,

193 1965 227 2021 et
250 1956 410 2022 meditata
430 1957 487 2022 diu
510 1957 604 2022 cadat
626 1956 692 2021 alte
714 1965 846 2042 sumpta
867 1955 1018 2042 querella,

190 2059 396 2146 stultitiaque
418 2060 465 2125 ibi
486 2082 520 2125 se
543 2060 684 2136 damnet,
706 2059 858 2124 tribuisse
880 2059 966 2144 quod
987 2058 1037 2123 illi

192 2162 265 2247 plus
288 2163 396 2229 videat
419 2185 516 2248 quam
540 2163 668 2227 mortali
690 2162 863 2227 concedere
885 2184 945 2248 par
967 2170 1025 2227 est.

192 2287 251 2329 nec
274 2267 415 2331 Veneres
437 2274 562 2331 nostras
584 2266 643 2330 hoc
666 2265 769 2345 lallit3
798 2288 861 2352 quo
885 2265 988 2351 magis
1010 2264 1102 2351 ipsae

191 2367 300 2432 omnia
321 2391 447 2433 summo
469 2391 564 2454 opere
588 2370 645 2434 hos
667 2369 754 2434 vitae
776 2368 946 2455 poscaenia
968 2367 1076 2432 celant

193 2493 272 2555 quos
293 2471 433 2535 retinere
457 2471 569 2535 volunt
592 2471 827 2555 adstrictosque
849 2493 918 2535 esse
940 2470 976 2534 in
998 2491 1117 2546 amore,

193 2573 397 2659 nequiquam,
421 2574 572 2659 quoniam
595 2582 633 2638 tu
656 2573 763 2638 animo
786 2582 896 2639 tamen
919 2574 1027 2637 omnia
1048 2573 1150 2660 possis

192 2676 379 2760 protrahere
401 2676 436 2740 in
458 2676 563 2741 lucem
586 2685 685 2762 atque
707 2676 811 2740 omnis
833 2675 996 2761 inquirere
1018 2675 1103 2740 risus

192 2789 234 2868 et,
257 2781 284 2844 si
307 2781 391 2845 bello
413 2782 553 2846 animost
576 2792 610 2846 et
632 2804 696 2845 non
718 2782 834 2858 odiosa,
859 2781 999 2846 vicissim

191 2885 451 2968 praetermittere
473 2895 502 2950 et
524 2885 674 2950 humanis
697 2885 870 2950 concedere
892 2886 997 2950 rebus.

237 2987 270 3049 N
272 3009 307 3051 ec
330 2988 446 3051 mulier
467 3011 594 3074 semper
616 2989 691 3052 ficto
713 2989 854 3072 suspirat
876 3011 983 3053 amore

194 3113 277 3175 quae
299 3093 454 3177 conplexa
475 3092 537 3157 viri
559 3115 672 3178 corpus
695 3116 768 3157 cum
792 3115 921 3178 corpore
943 3093 1052 3180 iungit

195 3203 229 3257 et
252 3204 343 3259 tenet
365 3196 506 3261 adsuctis
529 3205 696 3261 umectans
718 3195 825 3261 oscula
847 3196 952 3260 labris.

194 3319 269 3360 nam
293 3299 370 3362 facit
393 3322 432 3363 ex
455 3300 562 3364 animo
583 3322 679 3384 saepe
702 3308 736 3364 et
759 3300 941 3365 communia
964 3323 1122 3386 quaerens

194 3400 314 3485 gaudia
335 3401 488 3467 sollicitat
510 3403 651 3488 spatium
675 3403 843 3467 decurrere
865 3402 989 3468 amoris.

196 3526 255 3568 nec
277 3506 401 3570 ratione
424 3506 488 3570 alia
513 3507 654 3570 volucres
676 3515 823 3570 armenta
846 3506 995 3591 feraeque

161 3733 224 3782 1168
235 3736 269 3783 At
282 3735 377 3782 tumida
388 3734 466 3783 Bern.
478 3734 518 3783 for
528 3737 563 3782 At
573 3737 683 3783 iamim:
701 3732 755 3782 this
766 3733 780 3781 I
791 3731 843 3782 had
854 3732 950 3795 mysell
960 3746 1020 3781 seen
1032 3746 1113 3796 many
1123 3747 1196 3796 years
1209 3741 1247 3792 ago
1258 3733 1283 3770 ⁰11

111 3815 262 3877 comparing
273 3815 338 3864 Ovid
350 3830 393 3864 ars
404 3830 425 3864 11
438 3816 493 3874 661,
505 3815 588 3864 where
599 3816 632 3864 he
644 3816 667 3863 is
677 3815 810 3877 imitating
818 3816 895 3864 Lucr.
918 3818 952 3864 At
960 3817 1053 3864 Lamia
1064 3814 1159 3866 Arana
1173 3812 1243 3864 Lach-
1260 3804 1284 3853 ll

110 3907 210 3961 gemina
220 3901 311 3950 Lamb.
324 3902 392 3963 vulg.
459 3903 522 3953 1174
536 3904 603 3964 turpi
615 3903 723 3964 Nauger.
739 3904 779 3951 lor
791 3905 878 3965 turpia.
948 3888 1284 3964 117610a9erlor.310mb·

112 3981 151 4029 lor
164 3984 239 4043 loupi.
307 3983 434 4032 1180iam
445 3986 587 4032 ammissum
600 3983 752 4048 (admissum)
765 3983 856 4033 Iamb.
869 3983 972 4033 loriam
983 3986 1092 4033 mirram.
1130 3978 1286 4034 iamaaattl

111 4062 427 4113 LachiamiarraBern.
450 4066 502 4113 iam
513 4066 648 4113 immissum
660 4063 725 4113 Mar.
737 4063 794 4115 hid.
810 4065 908 4114 lJunt.
936 4066 1082 4114 venientem.
1116 4068 1215 4116 veniens
1224 4048 1285 4112 nul

112 4145 185 4195 runt.
200 4145 284 4196 Benu.
370 4148 432 4195 1182
449 4145 769 4199 tantumtantum.
855 4147 919 4195 usa
937 4148 1066 4196 statiua.
1100 4137 1285 4197 sarratam*

110 4226 168 4275 Ald.
187 4229 200 4275 1
218 4229 291 4280 Junt.
310 4228 390 4280 Lach.
499 4230 562 4279 1188
575 4231 657 4292 porris
674 4229 739 4279 Mar.
759 4229 832 4280 Junt.
852 4229 893 4278 lor
905 4243 998 4292 porres.
1104 4230 1169 4281 1188
1185 4225 1287 4292 inquiret

108 4311 182 4359 risun
218 4312 248 4358 ia
258 4310 488 4361 matronarum.
523 4313 590 4359 lusus
606 4310 671 4359 Mar.
688 4309 821 4359 Candidus
835 4314 863 4359 at
876 4310 927 4359 end
942 4309 971 4359 ol
984 4310 1058 4359 Junt.
1092 4304 1287 4376 acquirerentur

108 4387 198 4437 Lamb.
217 4389 311 4438 Creech
327 4394 374 4440 etc.
524 4391 586 4442 1191
604 4398 627 4440 et
644 4389 727 4440 added
742 4390 777 4453 by
793 4389 859 4439 Mar.
876 4389 955 4440 Lach.
989 4390 1179 4448 Praetemtttet
1195 4399 1217 4442 tc
1231 4379 1286 4438 Junl.
