2834 4792
663 203 700 268 II

163 375 196 430 et
219 374 416 452 superantur
438 365 526 430 item.
572 364 727 430 miscetur
749 367 860 431 funere
884 388 982 453 vagor

158 490 261 554 quem
284 469 377 555 pueri
400 468 520 533 tollunt
541 468 677 533 visentis
699 469 831 533 luminis
853 492 944 550 oras3

155 593 221 636 nec
247 593 311 635 nox
333 570 400 634 ulla
421 570 509 636 diem
531 592 636 656 neque
659 581 788 637 noctem
810 595 926 637 aurora
949 581 1093 639 secutast

153 695 249 758 quae
272 694 338 737 non
359 672 500 737 audierit
522 673 642 738 mixtos
664 673 829 761 vagitibus
850 675 956 761 aegris

149 777 312 862 ploratus
334 776 446 841 mortis
468 777 602 841 comites
625 788 659 842 et
681 777 802 842 funeris
823 778 896 842 atri.

204 881 298 946 Illud
320 880 355 945 in
377 881 428 946 his
450 881 658 968 obsignatum
681 903 808 967 quoque
830 881 927 945 rebus
950 881 1068 947 habere

84 995 88 998 ’
144 986 318 1051 convenit
341 993 374 1050 et
397 986 531 1050 memori
554 985 745 1050 mandatum
768 996 878 1050 mente
901 996 1021 1063 tenere,

144 1090 208 1153 nil
235 1111 314 1166 esse,
337 1089 372 1152 in
394 1098 548 1175 promptu
571 1111 708 1175 quorum
730 1097 847 1154 natura
870 1090 1007 1167 videtur,

146 1192 254 1278 quod
276 1215 394 1280 genere
417 1215 456 1257 ex
480 1215 544 1257 uno
566 1192 721 1257 consistat
743 1193 984 1279 principiorum,

144 1317 222 1361 nec
248 1296 420 1382 quicquam
444 1296 528 1381 quod
552 1318 616 1360 non
638 1297 800 1381 permixto
822 1296 944 1362 semine
967 1306 1101 1362 constet.

147 1410 196 1465 et
222 1399 451 1486 quodcumque
474 1399 578 1486 magis
600 1399 649 1464 vis
671 1399 791 1464 multas
813 1400 955 1484 possidet
977 1400 1011 1465 in
1035 1423 1068 1466 se

145 1514 266 1590 atque
289 1510 476 1588 potestates,
499 1502 547 1566 ita
569 1502 710 1589 plurima
731 1502 963 1588 principiorum

144 1605 195 1672 in
221 1629 293 1671 sese
315 1628 434 1692 genera
455 1627 493 1670 ao
516 1606 620 1670 varias
642 1606 735 1670 docet
758 1629 827 1671 esse
849 1606 977 1693 figuras.

146 1709 325 1794 principio
346 1709 444 1774 tellus
467 1708 567 1774 habet
589 1708 624 1772 in
646 1730 680 1773 se
703 1731 833 1794 corpora
856 1709 961 1795 prima

149 1813 255 1878 unde
278 1835 367 1877 mare
388 1813 574 1878 inmensum
597 1813 762 1878 volventes
785 1814 902 1902 frigora
926 1815 1032 1879 fontes

149 1917 302 1982 adsidue
325 1925 489 1994 renovent,
513 1916 612 1981 habet
633 1916 726 2004 ignes
749 1917 836 1981 uude
859 1917 1013 1983 oriantur.

149 2042 243 2087 nam
267 2019 380 2086 multis
402 2043 554 2085 succensa
576 2021 652 2086 loeis
674 2021 789 2086 ardent
811 2022 879 2086 sola
901 2031 1015 2100 terrae,

153 2126 298 2190 eximiis
320 2148 395 2190 vero
417 2125 498 2190 furit
520 2125 651 2210 ignibus
673 2126 816 2211 impetus
837 2127 976 2191 Aetnae.

151 2236 241 2295 turn
263 2251 357 2315 porro
379 2229 500 2294 nitidas
523 2230 631 2315 fruges
653 2230 849 2315 arbustaque
873 2230 959 2294 laeta

150 2335 322 2421 gentibus
344 2334 495 2399 humanis
517 2334 617 2399 habet
640 2334 726 2399 unde
749 2334 903 2399 extollere
926 2335 1037 2420 possit,

151 2439 254 2503 unde
277 2437 378 2502 etiam
401 2437 516 2501 fluvios
538 2437 666 2502 frondes
688 2446 722 2502 et
745 2437 864 2523 pabula
886 2438 973 2502 laeta

153 2542 355 2628 montivago
376 2541 489 2627 generi
511 2540 613 2627 possit
635 2541 787 2627 praebere
811 2542 959 2607 ferarum.

157 2668 267 2733 quare
291 2667 409 2732 magna
430 2645 528 2710 deum
551 2654 656 2710 mater
677 2655 845 2732 materque
868 2647 1007 2711 ferarum

160 2759 201 2815 et
224 2747 329 2814 nostri
349 2748 498 2836 genetrix
521 2748 600 2814 haec
622 2749 710 2814 dicta
732 2758 782 2814 est
804 2749 943 2834 corporis
966 2773 1037 2814 una.

212 2852 309 2916 Hanc
331 2859 456 2916 veteres
479 2851 614 2916 Graium
636 2852 723 2916 docti
745 2851 888 2916 cecinere
911 2861 1026 2937 poetae

170 3056 299 3122 sedibus
321 3057 356 3121 in
378 3079 474 3121 curru
495 3056 624 3142 biiugos
645 3056 768 3143 agitare
791 3056 906 3133 leones,

172 3159 251 3224 aeris
273 3158 309 3223 in
331 3159 437 3245 spatio
460 3182 613 3247 magnam
635 3159 775 3245 pendere
798 3159 950 3224 docentes

174 3264 321 3328 tellurem
344 3287 449 3350 neque
471 3287 563 3350 posse
586 3265 621 3328 in
645 3273 730 3330 terra
752 3264 863 3329 sistere
887 3273 1015 3329 terram.

174 3369 346 3434 adiunxere
367 3370 460 3445 feras,
482 3369 559 3455 quia
582 3368 728 3454 quamvis
750 3369 848 3432 effera
870 3368 974 3453 proles

175 3472 282 3537 officiis
305 3472 403 3537 debet
425 3472 544 3537 molliri
567 3472 654 3536 victa
674 3481 856 3557 ⁴parentum.
1224 3474 1285 3554 605

113 3674 169 3738 586
188 3692 253 3754 quod
275 3705 378 3754 cumque
399 3689 479 3740 Iaeh.
502 3691 543 3740 for
565 3705 745 3754 quaecumque:
774 3691 892 3752 previous
915 3690 1011 3742 editors
1033 3691 1098 3741 have
1124 3706 1189 3753 gone
1211 3691 1289 3741 much
1357 3705 1361 3716 ·

76 3753 181 3842 &inp
281 3773 329 3823 593
346 3771 407 3837 (and
422 3771 480 3836 607)
497 3774 609 3821 Eximius
624 3772 720 3822 Avanc.
735 3772 828 3821 iorlle
843 3775 911 3822 imis.
949 3772 1006 3822 ‘Sic
1018 3788 1041 3821 v.
1054 3773 1072 3821 l.
1085 3773 1245 3823 o....Marull.
1258 3789 1289 3822 ex

78 3818 159 3912 Ῡῑῖε.
174 3851 218 3901 lib.
236 3854 260 3913 5,
277 3868 308 3902 ee
324 3855 390 3915 imis,
409 3854 500 3902 contra
516 3867 540 3901 v.
558 3852 599 3901 l.’:
623 3851 668 3901 the
688 3855 796 3902 ‘veteres
813 3851 872 3901 libri
889 3855 992 3902 omnes'
1016 3867 1059 3902 are
1081 3852 1142 3915 only
1158 3852 1203 3901 the
1224 3852 1288 3901 Ven.

81 3918 114 3964 ¹¹¹
135 3932 215 3983 vhich
231 3948 297 3991 vvere
314 3933 449 3983 Marullus’
469 3948 518 3983 ms.
536 3937 623 3983 notes:
646 3933 710 3984 Ven.
733 3933 781 3982 has
799 3935 897 3983 Eximit
915 3933 999 3983 which
1017 3934 1069 3983 Gis.
1086 3933 1211 3995 probably
1228 3934 1289 3982 read

86 3989 212 4067 I'3·'cc'erve‘r'a:
229 4017 356 4066 Marullus
371 4015 484 4080 perhaps
499 4015 610 4066 referred
627 4019 654 4065 to
671 4016 733 4066 Aen.
754 4031 786 4064 111
803 4017 851 4068 577
863 4017 995 4079 fundoque
1013 4024 1142 4065 exaestuat
1159 4018 1216 4076 imo,
1238 4016 1290 4065 and

89 4071 189 4148 divideti
198 4097 243 4148 the
254 4097 337 4148 word:
355 4097 388 4147 hc
398 4097 488 4147 makes
499 4112 534 4147 no
546 4097 645 4160 change
656 4097 685 4146 in
695 4097 751 4147 eod.
763 4097 859 4148 Victor.
1129 4097 1191 4146 601:
1209 4098 1289 4147 Lech.

93 4169 152 4228 l‘lib
166 4194 259 4230 reason
275 4193 400 4243 supposes
415 4194 430 4229 a
446 4194 518 4230 verse
534 4183 561 4230 to
577 4181 608 4230 be
626 4181 678 4230 lost
694 4179 762 4239 here,
781 4180 865 4230 which
881 4179 914 4230 he
931 4179 994 4229 thus
1013 4179 1134 4241 supplies,
1154 4179 1289 4242 llapuifiee

97 4247 172 4311 (linem
192 4279 222 4312 eu
243 4265 307 4326 ipsis
324 4263 493 4326 penetralitu’
510 4264 612 4313 ‘vectam
635 4264 747 4313 Sedibus.
780 4262 872 4312 Lamb.
895 4262 970 4312 reads
998 4262 1133 4310 Sublimem
1156 4261 1196 4309 for
1219 4262 1290 4309 Sedi-

100 4331 140 4394 bu.
247 4343 481 4395 utmoueuuicc.
497 4344 869 4395 sensumsensurn.
978 4343 1026 4393 613
1038 4343 1118 4391 orbem
1128 4341 1203 4390 Pont.
1216 4341 1290 4391 lunt.

1122 4433 1206 4496 7-2
