2834 4792
719 115 767 179 Vl

220 284 351 352 crescat,
374 275 431 340 ubi
453 276 488 340 in
511 298 639 361 campos
660 277 751 342 albas
772 277 965 344 descendere
988 278 1127 365 ningues

221 378 359 444 tabificis
382 378 506 466 subigit
528 379 626 444 radiis
648 380 694 444 sol
717 382 826 444 omnia
848 380 996 447 lustrans,

265 482 363 547 Nunc
385 504 454 569 age,
476 483 606 547 Averna
627 482 690 548 tibi
712 505 795 569 quae
818 486 885 548 sint
908 483 976 548 loca
997 507 1136 571 cumque
1158 485 1311 572 lacusque

222 586 400 671 expediam,
423 586 512 671 quali
533 596 651 651 natura
673 586 821 672 praedita
843 597 998 652 constent.

221 687 380 772 principio
402 688 488 773 quod
510 689 640 753 Averna
662 698 818 753 vocantur
839 689 977 767 nomine,
1000 689 1034 754 id
1056 690 1097 754 ab
1120 713 1154 755 re
1271 708 1337 774 740

223 791 441 877 inpositumst,
465 792 541 877 quia
563 800 639 857 sunt
662 793 776 857 avibus
798 792 957 857 contraria
973 794 1114 870 cunctis,

223 915 242 958 e
264 893 393 980 regione
416 917 455 959 ea
476 895 561 981 quod
585 895 653 959 loca
675 917 749 959 cum
772 917 888 959 venere
912 896 1064 972 volantes,

224 997 339 1084 remigi
362 997 481 1062 oblitae
504 1020 683 1084 pennarum
706 999 778 1062 vela
800 999 974 1064 remittunt

223 1101 480 1188 praecipitesque
503 1102 624 1167 cadunt
646 1103 735 1168 molli
758 1104 880 1168 cervice
903 1105 1051 1189 profusae

224 1204 260 1267 in
282 1211 410 1282 terram,
432 1206 460 1269 si
482 1206 563 1270 forte
585 1206 634 1271 ita
656 1206 718 1271 fert
741 1216 858 1271 natura
879 1207 1029 1284 locorum,
1277 1221 1338 1288 745

225 1316 284 1373 aut
306 1308 341 1373 in
363 1331 490 1394 aquam,
512 1310 540 1374 si
563 1311 645 1376 forte
667 1311 756 1375 lacus
778 1312 961 1376 substratus
984 1311 1143 1377 Avernist.

225 1413 252 1476 is
275 1413 363 1478 locus
385 1424 434 1479 est
457 1415 576 1480 Cumas
598 1424 687 1502 aput,
710 1417 775 1480 acri
798 1415 928 1500 sulpure
954 1424 1078 1481 montes

225 1517 348 1602 oppleti
370 1518 482 1583 calidis
504 1518 561 1583 ubi
584 1519 713 1584 fumant
736 1519 880 1584 sontibus
902 1521 999 1586 aucti.

228 1634 277 1684 est
300 1629 333 1684 et
356 1621 535 1685 Athenaeis
557 1621 592 1685 in
614 1622 792 1698 moenibus,
814 1621 894 1685 arcis
917 1622 952 1685 in
974 1622 1042 1708 ipso

228 1723 356 1799 vertice,
380 1723 521 1788 Palladis
543 1725 585 1789 ad
607 1726 767 1811 templum
790 1725 966 1789 Tritonidis
988 1725 1102 1801 almae,
1276 1738 1341 1805 750

228 1848 291 1910 quo
312 1849 492 1912 numquam
513 1827 630 1912 pennis
651 1827 821 1912 appellunt
843 1849 974 1912 corpora
995 1849 1110 1891 raucae

229 1930 378 2007 cornices,
399 1953 463 1995 non
487 1954 560 1995 cum
583 1932 711 1996 fumant
733 1930 849 1995 altaria
872 1931 981 1995 donis:

229 2053 330 2117 usque
353 2032 432 2097 adeo
455 2033 599 2119 fugitant
621 2056 686 2097 non
707 2033 770 2098 iras
793 2033 933 2097 Palladis
956 2033 1037 2098 acris

228 2134 380 2221 pervigili
402 2158 507 2213 causa,
530 2136 725 2218 Graiumlut
748 2136 890 2200 cecinere
913 2145 1037 2220 poetae,

229 2237 285 2301 sed
307 2247 425 2302 natura
447 2239 508 2304 loci
530 2261 590 2325 ope
612 2239 731 2304 sufficit
753 2240 823 2324 ipsa
844 2248 967 2323 suapte.
1281 2250 1341 2317 755

229 2339 264 2404 in
287 2341 382 2427 Syria
403 2365 530 2427 quoque
554 2343 656 2408 fertur
676 2343 757 2407 item
780 2344 867 2407 locus
890 2364 959 2406 esse
982 2341 1094 2417 videri,

230 2443 442 2529 quadripedes
465 2468 592 2532 quoque
615 2468 679 2531 quo
701 2445 798 2509 simul
820 2468 857 2510 ac
880 2444 1017 2531 vestigia
1039 2444 1180 2528 primum

229 2545 408 2625 intulerint,
430 2550 573 2634 graviter
594 2550 643 2613 vis
666 2558 760 2635 cogat
783 2549 948 2613 concidere
971 2547 1049 2632 ipsa,

160 2674 164 2680 ·
230 2650 379 2715 manibus
402 2660 440 2716 ut
462 2652 490 2716 si
512 2653 578 2717 sint
601 2652 684 2717 divis
707 2661 848 2716 mactata
869 2661 1011 2738 repente.

230 2755 338 2819 omnia
360 2778 442 2840 quae
464 2756 606 2820 naturali
628 2755 752 2820 ratione
774 2764 941 2842 geruntur,
1282 2754 1347 2834 760

145 3038 225 3090 Lech.
237 3039 348 3104 adopted
358 3041 389 3090 it.
455 3042 503 3092 736
514 3043 658 3092 &accedere
670 3041 759 3091 bamb.
773 3041 812 3090 for
824 3041 947 3091 decedere.
998 3041 1046 3093 740
1057 3043 1130 3104 quod.
1165 3055 1212 3103 qim
1224 3038 1346 3089 Lach.:I

121 3177 124 3184 .
147 3134 203 3170 now
214 3120 292 3171 think
302 3121 459 3184 himvrrong.
477 3125 584 3185 quod...,
594 3125 715 3172 cenwald
726 3122 796 3171 Flor.
805 3124 835 3172 31
847 3121 911 3172 Mar.
923 3122 980 3170 ΑΜ.
991 3122 1005 3169 1
1016 3121 1032 3170 J
1035 3124 1091 3170 unt.
1098 3122 1165 3183 vulg.
1177 3121 1263 3170 before
1272 3119 1348 3169 Wak.

148 3217 233 3252 norun
243 3206 330 3253 cornis
342 3204 447 3253 Gervas.
461 3204 664 3255 Tilleberiensia:
682 3218 724 3252 see
734 3203 816 3255 Lech.
898 3205 945 3255 743
956 3205 1067 3265 Βεηιίρίί
1078 3202 1143 3252 Mer.
1155 3202 1237 3260 June,
1249 3202 1349 3262 Remiyi

146 3285 240 3333 sotem
251 3283 332 3334 Lech.
344 3284 384 3334 for
395 3286 510 3347 Remiyio
522 3287 623 3335 oblitae.
690 3285 737 3337 746
748 3288 887 3334 substratus
898 3284 967 3335 Bria
982 3285 1078 3333 Avanc.
1086 3285 1206 3346 Nauger,
1220 3285 1348 3348 subiratis

147 3363 305 3431 (effetatus)
314 3364 372 3416 Ver.
381 3367 445 3416 Ven.
455 3367 495 3416 ior
505 3370 639 3417 subiratus,
662 3364 1247 3434 AvernietEd.,Averno'atLamb.,foeremi.
1270 3365 1350 3414 Lech.

149 3442 244 3495 inserte
255 3454 292 3495 eet
302 3446 389 3496 before
399 3450 422 3496 ei
428 3450 509 3511 forte3
527 3448 574 3497 but
585 3447 629 3496 the
640 3463 748 3511 passage
758 3446 791 3497 he
803 3450 894 3508 quotes
906 3447 935 3495 in
947 3451 1054 3510 support
1063 3446 1085 3496 is
1096 3451 1143 3496 not
1155 3462 1226 3496 more
1237 3446 1265 3495 in
1276 3446 1351 3508 point

148 3526 213 3577 than
227 3527 335 3578 theone
350 3528 384 3578 he
398 3529 463 3579 cites
477 3530 506 3579 in
521 3530 612 3579 favour
628 3531 656 3578 of
672 3537 715 3579 aut
730 3546 773 3579 see
788 3530 816 3579 in
833 3544 859 3577 rv
871 3531 917 3579 303
932 3530 1008 3595 (327),
1022 3529 1066 3578 the
1081 3532 1162 3577 metre
1178 3529 1250 3577 there
1265 3527 1351 3590 ruling

148 3609 193 3660 the
203 3609 278 3660 order
289 3612 318 3661 of
327 3611 371 3661 the
382 3613 474 3662 words.
556 3614 603 3665 747
615 3616 641 3662 Ie
653 3614 683 3663 B.
719 3615 769 3661 Hie
782 3612 883 3663 ANicc.
919 3612 1084 3674 acrisolpare
1097 3609 1207 3660 Salmas.
1219 3609 1311 3658 Heins.
1323 3609 1351 3658 in

147 3706 195 3743 ms.
209 3695 293 3754 notes,
303 3693 338 3744 Is.
347 3693 421 3743 Voss.
431 3693 459 3742 in
470 3699 610 3756 manetes,
622 3694 758 3744 Bentlfor
769 3697 818 3744 ceri
829 3697 925 3757 aciper:
944 3694 987 3742 the
999 3692 1118 3754 readings
1130 3693 1158 3740 of
1168 3691 1238 3740 older
1249 3691 1345 3741 editors
1395 3741 1396 3744 ,

148 3791 192 3827 are
203 3779 248 3826 too
259 3775 355 3826 abaurd
365 3779 393 3826 to
404 3777 530 3826 mention.
564 3784 656 3825 montes
667 3776 697 3837 B,
711 3779 800 3825 meotis
812 3777 834 3824 A
844 3776 915 3824 Nico.
926 3773 1011 3824 which
1022 3774 1045 3822 is
1055 3774 1180 3836 probably
1190 3772 1259 3822 what
1270 3773 1346 3821 Lacr.

149 3859 235 3908 wrote.
270 3858 322 3907 For
335 3861 532 3910 orontes...aueti
548 3858 638 3908 Heins.
654 3862 770 3920 suggests
785 3859 977 3918 olentes...a9ri.
1076 3857 1123 3907 749
1139 3858 1188 3904 Est
1199 3863 1231 3904 et.
1264 3857 1311 3903 Eat
1324 3862 1353 3904 at

150 3938 231 3988 Lech.
241 3938 383 3989 intolerant
394 3939 424 3990 of
433 3949 457 3990 et
468 3941 508 3990 for
519 3943 603 3992 etiam.
704 3941 751 3992 755
763 3955 806 4003 ope
816 3942 907 4001 suffieit
917 3938 967 3987 Ed.
979 3938 1019 3987 ior
1029 3953 1090 4000 opas
1101 3939 1186 4000 efficit:
1205 3951 1220 3985 a
1231 3939 1351 3998 transpo-

152 4023 233 4075 sition
249 4023 278 4074 of
293 4023 354 4086 only
365 4026 415 4073 two
430 4024 533 4074 letters:
551 4038 634 4086 comp.
647 4038 680 4072 111
695 4023 751 4074 374.
784 4025 812 4071 oi
823 4024 879 4071 ibas
894 4023 971 4084 officit
981 4020 1074 4071 Lach.:
1093 4018 1201 4069 ahereh
1211 4019 1264 4068 and
1275 4017 1348 4067 inad-

150 4103 268 4157 missible
282 4104 386 4155 elision:
404 4120 445 4155 see
460 4105 490 4154 L.
506 4105 613 4155 Mueller
629 4105 660 4156 de
675 4119 703 4155 re
718 4107 792 4153 metr.
810 4118 836 4166 p.
852 4103 908 4153 284.
942 4105 990 4152 loci
1006 4104 1051 4151 boc
1067 4117 1128 4164 opas
1145 4101 1242 4151 Avanc.
1258 4099 1351 4149 Lemb.

149 4193 247 4250 meapte.
283 4201 329 4236 aaa
341 4187 471 4237 eihamb.
586 4189 634 4238 759
645 4189 668 4236 ei
677 4189 729 4237 aiat
740 4187 808 4235 dicia
819 4192 936 4235 mactata.
970 4187 993 4234 ei
997 4186 1033 4248 stt
1044 4185 1112 4233 divis
1123 4184 1243 4233 mactatu'
1254 4181 1349 4231 Lech:

147 4280 183 4316 an
205 4265 331 4318 awkward
352 4267 405 4318 and
426 4267 595 4318 uncalled-for
615 4268 727 4330 change:
751 4267 908 4318 see1v934.
936 4267 969 4330 fit
987 4279 1070 4315 seems
1092 4264 1185 4327 hardly
1201 4263 1288 4323 Latin,
1306 4260 1352 4312 the

1248 4410 1341 4426 a*
