2834 4792
635 200 652 264 I

129 363 213 449 ignis
235 363 323 427 enim
347 362 427 427 foret
451 361 643 427 omnimodis
665 362 889 449 quodcumque
910 375 1062 433 creorent.

129 490 250 543 rerum,
272 476 311 531 ut
333 465 453 551 opinor,
476 465 572 529 itast:
601 473 679 530 suut
700 466 859 551 quaedam
880 488 1010 553 corporo
1031 489 1169 554 quorum

128 593 300 637 concursus
322 584 430 633 motus
452 569 530 635 ordo
550 569 696 655 posituro
718 569 839 657 figurae
1176 575 1245 656 685

128 676 273 742 cfficiunt-
295 675 389 763 ignis,
411 684 603 759 mutatoque
625 672 736 739 ordine
758 683 888 740 mutant

128 790 278 845 notorem
301 801 408 865 neque
430 786 507 843 sunt
528 777 598 865 igni
620 778 772 843 simulato
793 801 897 866 neque
920 780 979 845 ulli

127 894 296 970 praetereo
316 883 364 949 rei
387 906 470 970 quae
492 904 623 969 corporo
644 882 775 947 mittere
797 884 897 969 possit

127 990 275 1057 sensibus
297 1002 330 1055 et
355 998 480 1054 nostros
500 987 629 1053 adiectu
652 1000 784 1073 tangere
806 997 921 1054 tactus.

172 1094 287 1159 Dicere
310 1114 403 1179 porro
425 1092 534 1180 ignem
556 1113 608 1155 res
629 1090 732 1155 omnis
754 1112 821 1155 esse
844 1113 949 1177 neque
971 1092 1071 1156 ullum
1176 1095 1246 1176 690

128 1219 327 1263 lenirentur
351 1196 384 1260 in
407 1217 540 1260 nurnero
562 1216 669 1258 rerum
692 1204 836 1259 constare
858 1193 920 1258 nisi
943 1194 1059 1280 ignem,

127 1298 213 1386 quod
236 1299 313 1365 fucit
336 1298 388 1363 hic
410 1298 506 1373 idem,
528 1296 723 1382 perdelirum
746 1318 815 1361 esse
838 1295 973 1361 videtur.

127 1426 202 1469 nurn
225 1414 335 1467 contru
359 1424 471 1466 sensus
493 1401 535 1464 ab
557 1400 706 1465 sensibus
729 1400 798 1485 ipse
820 1408 982 1486 repugnat

128 1518 161 1572 ct·
185 1504 358 1571 labefactat
382 1527 435 1569 cris
457 1504 543 1569 unde
566 1503 675 1567 omnio
696 1502 818 1567 credits
839 1503 991 1588 pendent,

129 1612 214 1676 uudc
238 1609 289 1673 hic
312 1608 461 1693 cognitus
484 1622 534 1671 cst·
557 1606 620 1692 ipsi
642 1629 738 1691 quem
761 1605 906 1671 nominat
928 1606 1054 1693 ignem;
1177 1610 1243 1690 695

128 1712 231 1778 credit
254 1712 339 1777 cnirn
363 1733 475 1775 scnsus
497 1710 605 1795 ignem
628 1731 817 1795 cognoscere
841 1731 924 1785 vere,

128 1828 235 1882 ccl-cru
258 1838 320 1879 non
343 1813 455 1887 credit,
477 1835 559 1897 quoe
582 1812 648 1876 nilo
670 1812 755 1876 clara
776 1811 883 1876 minus
905 1820 990 1876 sunt.

128 1918 212 2005 quiid
236 1917 315 1981 rnilri
339 1939 413 1981 cum
438 1938 555 1980 ronurn
579 1931 650 1980 t-urn
673 1915 809 1980 delirum
833 1936 900 1979 esse
924 1916 1071 1993 videtur3

128 2046 191 2107 spuo
215 2022 389 2085 rclcrcrnus
411 2021 521 2083 cnirnl
550 2019 629 2105 quid
651 2019 743 2084 nobis
764 2020 883 2084 certius
904 2019 983 2104 ipsis

128 2125 275 2189 sensibus
298 2148 367 2189 csso
390 2134 507 2209 pot-cst..
528 2124 585 2208 qui
610 2145 685 2187 veru
707 2146 743 2187 ac
766 2122 845 2187 falsa
867 2128 1040 2187 notemus?
1179 2140 1247 2205 700

131 2240 296 2315 puulcrcu
318 2251 417 2313 quruu
441 2228 611 2312 quisquam
636 2227 738 2313 inagis
760 2227 868 2291 omniu
890 2227 984 2291 collat

129 2344 162 2397 ct·
187 2332 265 2396 volit·
287 2332 408 2395 nulon's
431 2344 580 2395 nutunun
604 2331 748 2417 linquere
771 2331 880 2407 solam,

128 2460 223 2523 ‹puun
250 2450 347 2519 ncgct·
371 2460 438 2499 csso
462 2436 555 2521 ignis,
577 2435 701 2521 quiduis
722 2445 832 2499 tamen
855 2456 925 2499 esse
947 2434 1131 2520 relinquat?

128 2562 231 2625 ninus
254 2539 382 2602 ridet-ur
404 2540 490 2603 eninr
514 2539 679 2603 ‹irruent-ia
700 2538 804 2603 dicere
827 2546 1008 2623 utrumque.

172 2646 377 2725 tlnnpnpuu·
399 2642 454 2727 qui
479 2642 647 2706 rnutcricrn
670 2664 777 2706 rorum
800 2664 869 2706 esse
891 2652 1049 2728 putarunt
1181 2659 1245 2726 705

130 2746 235 2825 ignens
260 2756 358 2828 utque
381 2768 419 2807 cx
444 2744 511 2829 igni
535 2766 695 2808 sunnnunr
718 2744 890 2809 consistere
912 2767 1012 2831 posse,

129 2858 161 2911 ct.
185 2847 240 2933 qui
266 2846 458 2930 principium
481 2846 656 2931 gignundis
678 2870 753 2912 uera
774 2847 870 2913 rebus

129 2948 333 3017 coristilucrc.
356 2960 414 3011 uut
437 2971 582 3013 urnorcrn
604 2950 800 3035 quicumque
823 2960 980 3035 putarunt

131 3056 249 3139 lingere
274 3076 324 3116 rus
347 3052 453 3137 ipsunt
476 3076 534 3139 por
555 3076 598 3129 sc,
621 3064 781 3119 terramve
802 3078 909 3121 creare

129 3156 237 3221 ‹nnniu
259 3166 293 3219 ct.
315 3157 347 3219 in
373 3178 478 3220 reruni
502 3166 633 3220 naturus
656 3157 776 3221 vertier
796 3156 909 3234 omnis,
1180 3175 1249 3242 710

130 3282 245 3343 rungnn
268 3282 362 3343 npcrc
385 3282 404 3321 n
428 3281 501 3323 vero
525 3260 618 3345 longe
641 3260 783 3325 derrasse
806 3261 965 3326 videntur.

128 3364 210 3429 rulrlc
233 3363 330 3427 ct-iurn
356 3362 410 3448 qui
434 3363 662 3448 conduplicant
684 3364 859 3449 primordia
878 3386 988 3431 lerum

128 3488 202 3530 suun
225 3465 396 3551 iungentes
419 3464 487 3551 igni
510 3476 693 3551 terramque
715 3466 841 3552 liquori,

129 3582 162 3633 ct·
185 3568 240 3653 qui
264 3578 419 3653 qrrnttuor
442 3592 480 3633 cx
504 3569 600 3633 rebus
622 3591 714 3654 posse
736 3570 845 3635 omnio
864 3580 979 3635 rentur

128 3694 166 3735 cx
191 3670 257 3755 igni
282 3679 367 3735 t-crru
389 3682 488 3755 atque
511 3672 620 3735 nnirna
643 3693 839 3756 procrescere
862 3681 896 3738 eb
918 3672 1022 3739 imbri
1179 3690 1244 3759 715

127 3795 262 3859 quruunr
286 3773 525 3859 Acragantinus
547 3796 621 3838 cum
644 3774 756 3859 primis
779 3774 989 3861 Empedocles
1010 3784 1070 3854 cst,

43 3950 125 4001 ulrich
141 3950 219 3999 Iuch.
232 3950 335 4001 rotoins.
371 3950 502 4001 Candidus
517 3956 545 4000 ot
560 3951 610 4001 end
625 3952 653 4001 of
666 3952 738 4002 Junt
755 3955 823 4003 ‘olio
837 3968 885 4016 pro
899 3955 951 4003 olii
964 3953 1085 4017 positum.
1122 3958 1187 4007 ml
1200 3957 1249 4019 qui

42 4034 95 4081 nlin
109 4030 217 4095 lcguut‘.
230 4030 269 4081 ie.
285 4031 349 4081 Mur.
419 4032 466 4080 683
477 4040 592 4081 errorent
603 4032 692 4083 Lumb.
706 4033 763 4082 first
775 4034 814 4083 ior
824 4042 928 4085 crearet.
994 4034 1043 4087 690
1052 4037 1136 4099 ίΜι
1144 4036 1169 4087 Β
1179 4050 1247 4089 oon.

43 4114 202 4177 inruptum.
303 4112 350 4162 703
362 4114 462 4175 nitidi-io
474 4112 554 4163 Lech.
587 4129 706 4163 cuninam
717 4114 785 4165 Nico.
798 4114 1081 4167 sndsllboforehoh.
1113 4116 1247 4170 moos.

42 4194 107 4243 omit
124 4194 168 4243 tho
184 4190 262 4251 nord,
280 4192 364 4241 which
381 4197 452 4241 must
469 4193 499 4242 be
515 4194 659 4243 uncertain.
791 4197 838 4248 708
851 4204 977 4259 putarunt
992 4196 1064 4247 Nico.
1079 4196 1103 4247 B
1121 4212 1187 4251 corr.
1206 4198 1249 4251 lor

40 4282 164 4339 pntnntur
175 4274 205 4331 Β,
217 4273 240 4323 Δ
250 4286 324 4331 corr..
333 4280 427 4336 putnnt
438 4273 495 4335 Ap.
506 4288 541 4322 m.
641 4275 688 4327 710
699 4279 792 4326 vertier
802 4278 823 4326 B
835 4292 901 4328 corr.
912 4277 983 4328 Nico.
995 4278 1036 4329 lor
1045 4280 1119 4331 uati.

91 4356 137 4407 ‘111
152 4356 221 4417 lorice
232 4354 344 4405 derrasse
355 4354 414 4404 Vct.
427 4355 498 4415 3275,
513 4354 566 4405 and
576 4355 664 4405 unless
675 4357 688 4405 I
701 4372 742 4406 err
758 4358 821 4408 1136
835 4358 938 4423 ochos,
951 4359 992 4411 for
1006 4360 1076 4425 lona(
1089 4361 1203 4415 ὼπωκ
1216 4364 1249 4415 oi
