2834 4792
684 193 739 259 111

189 384 295 426 noenu
317 368 434 445 potest.
479 358 582 444 igitur
603 355 793 442 parvissima
814 375 945 440 corpora
966 376 1122 440 proquam

189 473 223 528 et
245 462 410 527 levissima
431 469 516 536 sunt,
538 459 586 524 ita
608 457 789 523 mobilitate
812 457 983 535 fruuntur3

187 575 224 631 at
245 574 358 630 contra
379 586 601 650 quaecumque
623 562 726 648 magis
748 584 823 626 cum
844 560 985 646 pondere
1007 581 1123 645 magno

188 690 364 756 asperaque
386 667 607 744 inveniuntur,
629 687 667 731 eo
689 665 835 731 stabilita
856 663 960 750 magis
982 672 1067 728 sunt.

188 796 274 838 nunc
297 772 398 859 igitur
420 771 572 857 qnoniam
595 779 640 836 eat
661 769 762 835 animi
783 778 902 834 natura
922 777 1051 855 reperta

189 875 319 941 mobilis
341 874 478 962 egregie,
501 895 656 960 perquam
678 880 824 938 constare
846 881 1007 938 necessest

189 979 373 1066 corporibus
395 978 502 1064 parvis
524 986 559 1043 et
581 977 705 1042 levibus
728 986 826 1062 atque
849 975 1027 1070 rutundis

189 1106 272 1169 quae
295 1082 357 1148 tibi
380 1082 509 1169 cognita
531 1104 582 1146 res
604 1081 638 1145 in
661 1081 782 1157 multis,
805 1103 824 1145 o
846 1080 938 1156 bone,
960 1078 1058 1145 rebus

188 1186 283 1251 utilis
304 1185 489 1251 invenietur
511 1194 546 1250 et
567 1193 748 1271 opportuna
770 1185 906 1250 cluebit.·

189 1290 269 1355 haec
293 1312 420 1376 quoque
442 1311 494 1355 res
515 1289 615 1355 etiam
638 1298 789 1354 naturam
811 1287 940 1353 dedicat
962 1287 1041 1364 eius,

190 1418 287 1480 quam
310 1395 403 1461 tenui
425 1402 551 1459 constet
573 1403 706 1459 textura
727 1415 887 1479 quamque
910 1393 978 1458 loco
1001 1415 1035 1457 se

190 1498 355 1562 contineat
377 1499 536 1582 pervasi
558 1498 659 1583 possit
682 1496 920 1584 conglomerati,

191 1602 277 1689 quod
299 1602 395 1667 simul
418 1610 517 1686 atque
540 1601 703 1666 hominem
726 1601 785 1666 leti
806 1623 918 1666 secura
940 1601 1032 1686 quies
1055 1609 1105 1665 est

191 1704 327 1790 indepta
348 1713 448 1790 atque
470 1703 571 1767 animi
593 1711 711 1768 natura
733 1704 923 1789 animaeque
945 1702 1087 1778 recessit,

190 1806 236 1871 nil
260 1807 307 1871 ibi
330 1807 468 1871 libatum
491 1805 531 1871 de
554 1816 623 1872 toto
645 1828 774 1891 corpore
797 1828 907 1871 cernas

191 1910 232 1975 ad
255 1910 406 1996 speciem,
428 1909 474 1973 nil
497 1910 538 1975 ad
562 1909 706 1996 pondus:
738 1932 822 1974 mors
844 1908 952 1974 omnia
973 1918 1121 1994 praestat

190 2013 324 2079 vitalem
350 2023 477 2100 praeter
499 2036 628 2078 sensum
651 2013 857 2100 calidumque
879 2035 1039 2098 vaporem.

191 2138 266 2201 ergo
288 2117 428 2181 animam
453 2125 556 2182 totam
579 2116 743 2202 perparvis
765 2138 832 2182 esse
856 2125 1015 2182 necessest

191 2221 377 2297 seminibus,
400 2243 516 2285 nexam
538 2242 596 2306 per
618 2243 715 2285 venas
739 2220 860 2284 viscera
882 2242 1015 2300 nervos;

192 2330 360 2407 quatenus,
383 2322 487 2387 omnis
510 2322 567 2386 ubi
589 2345 607 2386 e
630 2330 699 2387 toto
721 2322 785 2387 iam
809 2344 937 2408 corpore
960 2322 1064 2397 cessit,

192 2426 315 2491 extima
338 2426 553 2490 membrorum
577 2426 830 2491 circumcaesura
853 2435 963 2491 tamen
985 2449 1019 2491 se

193 2530 388 2594 incolumem
412 2538 555 2615 praestat
578 2551 635 2593 nec
659 2529 738 2593 defit
761 2529 911 2614 ponderis
934 2530 1046 2594 hilum.

193 2634 277 2719 quod
303 2656 405 2719 genus
427 2641 477 2698 est
501 2634 619 2697 Bacchi
641 2656 714 2697 cum
739 2633 797 2698 flos
819 2634 952 2698 evanuit
979 2642 1037 2698 aut
1061 2656 1134 2698 eum

193 2738 327 2823 spiritus
350 2737 509 2822 unguenti
532 2738 641 2802 suavis
664 2738 797 2825 diffugit
819 2738 853 2802 in
876 2761 969 2803 auras

193 2850 251 2906 aut
273 2841 380 2926 aliquo
403 2863 477 2905 cum
500 2841 565 2905 iam
587 2864 682 2905 sucus
705 2841 745 2906 de
767 2864 896 2926 corpore
918 2842 1031 2921 cessit;

194 2945 239 3008 nil
264 2945 366 3009 oculis
389 2953 498 3009 tamen
522 2966 590 3009 esse
614 2945 719 3008 minor
740 2967 791 3009 res
813 2945 884 3031 ipsa
905 2945 1035 3010 videtur

193 3053 364 3130 propterea
385 3066 490 3130 neque
514 3045 696 3109 detractum
718 3045 759 3109 de
782 3046 922 3131 pondere
945 3046 1127 3131 quicquam,
1251 3065 1313 3131 225

195 3147 348 3211 nimirum
373 3147 449 3233 quia
470 3148 575 3211 multa
598 3147 790 3233 minutaque
812 3149 937 3213 semina
958 3171 1050 3214 sucos

195 3251 339 3316 efficiunt
362 3260 396 3315 et
418 3251 546 3315 odorem
570 3252 604 3315 in
627 3260 696 3317 toto
719 3274 848 3338 corpore
870 3274 986 3319 rerum.

196 3377 294 3441 quare
318 3356 417 3420 etiam
439 3364 537 3440 atque
560 3356 660 3420 etiam
683 3358 803 3421 mentis
825 3366 975 3422 naturam
999 3359 1191 3444 animaeque

195 3458 275 3523 seire
300 3458 376 3523 licet
398 3481 553 3544 perquam
575 3460 728 3544 pauxillis
751 3484 819 3526 esse
842 3471 983 3526 creatam

195 3562 382 3640 seminibus,
405 3562 555 3648 quoniam
580 3563 706 3648 fugiens
728 3565 774 3628 nil
798 3565 947 3649 ponderis
968 3566 1083 3631 aufert.
1251 3584 1315 3649 230

239 3664 310 3728 Nec
333 3673 443 3729 tamen
467 3665 545 3729 haec
567 3665 703 3750 simplex
727 3668 819 3733 nobis
841 3677 959 3733 natura
980 3670 1127 3755 putanda
1150 3679 1209 3735 est.

197 3769 303 3832 tenvis
327 3768 414 3832 enim
437 3769 595 3854 quaedam
619 3770 827 3836 moribundos
849 3772 969 3838 deserit
991 3797 1070 3839 aura

114 4013 185 4063 older
200 4012 296 4062 editors
314 4027 357 4063 are
373 4013 473 4065 absurd
509 4017 645 4065 coauctam
657 4018 775 4067 Muretus
787 4018 826 4067 for
837 4021 974 4069 coniectum
984 4020 1071 4071 which
1080 4023 1170 4075 Lamb.
1190 4039 1315 4090 approves

112 4096 140 4145 of
154 4094 183 4144 in
193 4094 236 4144 his
246 4099 321 4145 notes
333 4095 385 4145 and
395 4096 475 4147 Lach.
488 4097 585 4162 rightly
595 4098 696 4162 adopts.
875 4103 922 4151 203
935 4111 971 4152 est
982 4102 1064 4154 added
1074 4106 1141 4155 after
1152 4111 1272 4171 quoniam
1282 4108 1314 4171 by

112 4177 187 4228 Pont.
212 4177 276 4226 Mar.
299 4176 356 4229 Ald.
383 4179 396 4226 l
419 4179 492 4228 Junt.
525 4180 551 4229 It
573 4180 596 4229 is
618 4181 701 4231 added
724 4186 751 4232 at
775 4183 820 4232 the
842 4184 892 4233 end
915 4185 942 4234 of
965 4185 1009 4235 tho
1031 4201 1103 4236 verse
1130 4188 1165 4251 by
1187 4189 1257 4242 Flor.
1283 4192 1312 4240 31

112 4257 201 4308 Gamb.
300 4260 348 4309 210
359 4262 381 4309 a·
393 4259 433 4309 for
443 4276 468 4310 ae
480 4260 549 4311 Nico.
562 4262 632 4311 Mon.
645 4263 703 4317 Ver.
717 4264 780 4316 Ven.
795 4268 842 4315 not
852 4266 921 4316 Flor.
934 4269 965 4315 31
977 4281 1006 4317 or
1017 4268 1107 4318 camb.
1207 4273 1257 4322 224
1267 4274 1313 4324 Nil

114 4341 201 4390 oralia
240 4340 304 4403 ‘lea
318 4343 387 4391 ailo’
400 4341 591 4394 Heinsinms.
605 4349 689 4394 notes.
811 4348 959 4399 227rerum.
993 4351 1031 4398 rei
1042 4349 1314 4410 Lach.‚1nowthink
