2834 4792
692 252 815 318 11‘

196 418 376 505 conspicere
399 418 552 483 amissum
576 419 687 496 fetum,
710 420 914 505 completque
937 420 1087 504 querellis

196 521 407 588 frondiferum
429 544 543 587 nemus
565 522 724 587 absistens
747 532 780 588 et
803 523 915 588 crebra
936 524 1050 589 revisit

197 625 239 690 ad
261 625 426 690 stabulum
447 625 606 691 desiderio
628 626 749 711 perfixa
771 626 907 701 iuvenci,

196 752 256 794 neo
278 738 408 795 tenerae
430 729 542 795 salices
563 738 663 815 atque
687 731 804 795 herbae
826 753 896 796 rore
919 731 1066 817 vigentes

197 832 395 918 fluminaque
416 831 473 897 illa
494 839 620 918 queunt
642 832 777 897 summis
801 832 943 898 labentia
964 832 1043 917 ripis

198 934 357 1000 oblectare
380 935 525 1000 animum
547 935 754 1022 subitamque
776 945 921 1001 avertere
944 958 1062 1012 curam,

198 1060 257 1102 nec
279 1038 454 1103 vitulorum
477 1038 559 1104 aliae
581 1038 704 1124 species
727 1060 784 1124 per
806 1039 925 1123 pabula
947 1039 1034 1104 laeta

199 1141 342 1206 derivare
365 1149 491 1228 queunt
512 1141 658 1206 animum
681 1164 821 1228 curaque
843 1142 969 1207 levare:

198 1265 299 1329 usque
321 1243 402 1309 adeo
424 1243 578 1329 quiddam
600 1244 765 1329 proprium
788 1254 966 1330 notumque
988 1245 1132 1330 requirit.

198 1354 365 1432 praeterea
386 1345 491 1410 teneri
513 1346 661 1412 tremulis
683 1369 758 1411 cum
781 1347 912 1412 vocibus
936 1348 1032 1413 haedi

199 1451 379 1538 cornigeras
400 1459 520 1516 norunt
542 1460 661 1516 matres
683 1452 823 1539 agnique
846 1452 969 1536 petulci

108 1596 112 1603 -
199 1553 368 1619 balantum
390 1553 546 1640 pecudes:
571 1554 627 1631 ita,
651 1554 736 1639 quod
758 1564 876 1619 natura
897 1554 1043 1640 reposcit,

199 1657 240 1722 ad
262 1680 321 1722 sua
342 1657 479 1744 quisque
501 1658 567 1723 fere
589 1657 765 1723 decurrunt
787 1659 887 1723 ubera
909 1658 1010 1724 lactis.

198 1771 361 1847 postremo
383 1761 520 1848 quodvis
541 1762 741 1827 frumentum
762 1785 828 1826 non
850 1770 961 1827 tamen
984 1784 1078 1827 omne

200 1863 319 1950 quique
342 1886 400 1929 suo
421 1886 539 1950 genere
560 1864 647 1929 inter
669 1886 703 1947 se
725 1864 830 1936 simile
853 1886 920 1942 esse
944 1865 1076 1941 videbis,

200 1968 279 2053 quin
296 1952 495 2035 ¹intercurrat
518 1968 676 2054 quaedam
698 1968 854 2033 distantia
876 1968 994 2032 formis.

198 2070 455 2156 concharumque
477 2092 580 2158 genus
601 2070 695 2156 parili
717 2070 842 2135 ratione
865 2070 1011 2135 videmus

200 2173 332 2260 pingere
354 2172 481 2238 telluris
501 2173 671 2260 gremium,
693 2196 759 2259 qua
779 2173 929 2237 mollibus
952 2172 1047 2237 undis

199 2275 302 2341 litoris
323 2276 449 2341 incurvi
470 2275 616 2341 bibulam
638 2276 729 2362 pavit
751 2298 871 2361 aequor
894 2275 1054 2340 harenam.

201 2401 299 2463 quare
322 2379 423 2444 etiam
444 2389 543 2465 atque
566 2379 666 2443 etiam
688 2379 787 2443 simili
808 2379 933 2443 ratione
955 2387 1122 2453 necessest,

200 2490 317 2548 natura
339 2481 492 2567 quoniam
514 2489 664 2546 constant
685 2503 790 2566 neque
814 2482 899 2546 sacta
920 2503 1018 2545 manu
1041 2490 1119 2546 sunt

200 2586 297 2650 unius
319 2585 361 2650 ad
383 2593 504 2650 certam
527 2587 661 2650 formam
683 2584 857 2670 primordia
879 2607 995 2661 rerum,

200 2687 349 2754 dissimili
371 2689 457 2754 inter
478 2711 512 2754 se
535 2689 693 2774 quaedam
717 2689 851 2753 volitare
873 2689 983 2775 figura

243 2791 398 2858 Perfacile
421 2802 470 2858 est
492 2793 552 2858 tali
573 2793 698 2858 ratione
720 2793 881 2858 exsolvere
904 2792 995 2856 nobis

156 2970 157 2974 Ἰ
201 2917 300 2980 quare
323 2896 498 2961 fulmineus
521 2895 624 2962 multo
645 2896 841 2983 penetralior
862 2895 948 2982 ignis

200 3020 298 3083 quam
320 3007 430 3064 noster
451 2999 521 3064 fuat
544 3022 562 3064 e
585 2999 688 3064 taedis
710 2999 917 3064 terrestribus
940 3009 1047 3077 ortus3

200 3100 305 3167 dicere
328 3102 416 3167 enim
437 3102 539 3188 possis
560 3103 732 3167 caelestem
755 3102 900 3167 fulminis
922 3103 1030 3189 ignem

201 3205 356 3291 suptilem
376 3206 481 3293 magis
503 3229 521 3271 e
543 3206 651 3291 parvis
673 3215 818 3271 constare
841 3205 953 3293 figuris
1254 3208 1313 3288 385

22 3496 25 3503 ⁴
112 3494 203 3546 rather
218 3509 278 3545 uses
293 3509 374 3546 nosco.
472 3497 520 3547 359
536 3498 657 3546 stertens
671 3496 774 3546 Edfor
788 3497 918 3547 odsitteas.
954 3496 1082 3544 adsidueia
1098 3493 1177 3544 Lech.
1194 3493 1278 3543 which
1294 3494 1317 3543 is

112 3591 177 3640 very
187 3577 266 3628 weah.
301 3578 617 3628 odeisteasBoorr.Nioc.
630 3578 698 3640 vulg.
807 3577 855 3626 361
866 3579 985 3639 uiuentes.
1021 3579 1128 3626 virentes
1141 3576 1253 3625 Macrob.
1266 3579 1315 3624 sat.

113 3672 142 3708 rr
153 3660 178 3708 3.
262 3657 310 3708 363
321 3659 372 3708 illo
382 3657 427 3708 AB
438 3658 511 3709 Gott.
522 3661 578 3709 ulti
589 3658 703 3708 Macrob.
715 3658 752 3710 l.l.
768 3659 801 3707 ‘B
813 3659 886 3709 corr.’
900 3672 958 3721 says
971 3657 1052 3708 Laoh.
1085 3659 1182 3709 Aoorr.
1198 3673 1227 3708 ss
1238 3660 1252 3709 I
1263 3661 1316 3710 and

113 3738 207 3792 Heius.
218 3738 380 3798 havenoted,
393 3739 481 3790 (lamb.
495 3740 579 3802 vulgo.
674 3740 722 3790 333
733 3740 1022 3803 sabitomInowlreep:
1041 3753 1081 3789 see
1092 3744 1166 3791 notos
1177 3742 1201 3790 2.
1234 3757 1314 3804 sump-

114 3830 167 3872 tum
181 3820 230 3872 Ed
249 3820 278 3871 in
295 3822 336 3872 lst
352 3820 392 3872 ad.
425 3823 526 3871 solitum
542 3820 635 3880 hach.;
652 3820 699 3871 but
714 3820 760 3871 the
776 3835 834 3871 care
850 3820 910 3871 here
927 3821 950 3870 is
967 3822 1039 3882 quite
1055 3824 1166 3874 insolita.
1268 3822 1315 3872 365

113 3915 234 3965 meaque.
266 3915 400 3965 curamque
410 3900 434 3950 A
443 3914 508 3951 corr.
520 3900 592 3951 Nico.
674 3901 721 3952 369
732 3902 872 3950 Balantum
882 3900 904 3950 A
916 3900 987 3951 Gott.
999 3900 1069 3950 Nico.
1081 3904 1130 3950 etc.
1162 3903 1283 3950 Boletum
1294 3901 1315 3949 Β

112 3981 184 4033 Flor.
196 3982 227 4032 31
239 3980 329 4032 Oamb.
340 3983 389 4032 stc.
528 3982 576 4033 371
588 3988 732 4032 nontamen
742 3997 819 4032 omne.
852 3997 902 4032 aon
913 3984 961 4043 ita,
974 3984 1076 4031 Memmi
1086 3982 1175 4031 Bruno
1187 3982 1316 4044 (Harburg

114 4064 188 4123 1873,
199 4077 224 4126 p.
238 4062 278 4128 8):
295 4062 408 4126 mutsly;
425 4062 474 4112 but
484 4076 526 4113 see
537 4066 612 4112 notes
623 4064 646 4114 2.
748 4064 795 4114 372
808 4065 900 4125 quique
912 4062 992 4112 Lech.
1005 4062 1044 4110 for
1055 4064 1173 4125 quidque.
1379 4125 1382 4130 .

113 4143 165 4197 376
170 4147 255 4210 pacit.
288 4146 354 4195 levit
368 4144 470 4196 Nonius
485 4144 551 4194 Mar.
567 4143 625 4194 Alo.
641 4144 742 4194 1Junt.
754 4143 844 4197 Lemb.
859 4145 888 4193 in
903 4147 965 4205 text,
979 4144 1026 4195 but
1041 4144 1070 4193 in
1085 4148 1159 4195 notes
1174 4143 1206 4194 he
1221 4145 1317 4207 prefers

108 4228 194 4291 papst.
313 4226 361 4276 331
373 4233 410 4276 ert
421 4224 562 4276 tuliIrach.
573 4224 614 4275 lor
625 4227 761 4275 atoaimi.
795 4232 832 4275 eat
838 4226 922 4287 parili
933 4226 1009 4276 Bern.
1024 4229 1070 4275 not
1086 4225 1196 4275 sowell:
1213 4226 1258 4276 the
1270 4234 1279 4275 t
1291 4227 1319 4276 of

113 4307 164 4356 au
174 4319 226 4357 uss
236 4305 362 4358 absorbed
372 4306 402 4356 in
412 4314 458 4357 ert.
491 4313 528 4356 eat
538 4307 592 4356 iem
602 4307 682 4356 animi
693 4305 798 4364 Lamb.;
816 4304 863 4355 but
875 4307 955 4356 animi
967 4305 990 4355 is
1001 4306 1047 4355 out
1058 4304 1086 4354 of
1095 4304 1175 4368 place.

113 4388 234 4452 888suot
243 4385 327 4441 Faber
337 4386 390 4439 and
400 4387 486 4440 Bentl.
500 4386 630 4451 lorfluat:
647 4386 714 4450 Livy
725 4401 776 4436 xxv
788 4388 818 4435 12
831 4386 845 4436 6
857 4400 918 4436 mss.
931 4385 996 4436 have
1001 4387 1070 4449 fluat
1081 4384 1121 4435 for
1126 4387 1195 4448 suot.
1269 4387 1316 4438 387
