2834 4792
677 253 708 318 V

135 424 264 482 tanto
287 416 408 503 quique
430 416 533 502 magis
554 415 661 481 victus
682 417 805 481 fateare
827 423 989 481 necessest

136 520 311 586 exitium
333 542 462 606 quoque
484 528 643 585 terrarum
665 518 810 605 caelique
833 520 989 583 futurum.

134 644 247 688 nam
269 645 343 686 cum
366 644 417 687 res
439 621 542 686 tantis
563 621 683 686 morbis
705 621 872 706 tantisque
895 621 1022 707 periclis
1228 636 1288 702 345

138 733 422 811 temptarentur,
444 723 491 789 ibi
512 723 540 789 si
563 723 686 790 tristior
707 723 909 788 incubuisset

141 850 278 906 causa,
300 827 415 892 darent
436 827 502 892 late
524 826 647 892 cladem
670 849 869 913 magnasque
891 827 1008 892 ruinas.

140 953 231 996 neo
252 930 377 996 ratione
398 929 463 995 alia
485 932 636 996 mortales
657 953 726 996 esse
749 931 905 1008 videmur,

142 1035 258 1100 inter
279 1058 337 1100 nos
358 1036 422 1100 nisi
444 1036 530 1122 quod
552 1035 672 1100 morbis
693 1035 909 1122 aegrescimus
931 1035 1033 1100 isdem

145 1147 272 1224 atque
294 1137 343 1202 illi
364 1160 445 1223 quos
467 1161 487 1203 a
508 1137 577 1203 vita
598 1146 716 1202 natura
737 1138 882 1202 removit.

215 1242 388 1306 Praeterea
409 1263 632 1326 quaecumque
655 1248 788 1306 manent
810 1248 943 1305 aetema
965 1247 1129 1304 necessust

155 1357 239 1424 aut,
262 1346 340 1432 quia
360 1354 439 1410 sunt
460 1345 562 1410 solido
583 1367 657 1409 oum
680 1367 818 1430 corpore,
840 1366 990 1429 respuere
1013 1344 1098 1408 ictus

156 1469 232 1513 nec
253 1455 424 1534 penetrare
445 1447 517 1534 pati
538 1446 601 1511 sibi
622 1446 795 1532 quicquam
818 1447 904 1532 quod
926 1453 1025 1532 queat
1048 1453 1135 1510 artas

159 1549 342 1615 dissociare
363 1549 453 1615 intus
475 1549 585 1635 partis,
608 1559 646 1614 ut
669 1549 817 1614 materiai

156 1674 302 1738 corpora
324 1662 401 1718 sunt
423 1674 560 1738 quorum
582 1660 732 1717 naturam
756 1653 956 1717 ostendimus
978 1660 1065 1730 aute,
1223 1669 1240 1734 3
1246 1665 1283 1731 55

162 1765 229 1821 aut
251 1757 324 1822 ideo
345 1759 461 1822 durare
482 1765 626 1822 aetatem
647 1779 739 1843 posse
762 1779 820 1842 per
841 1779 979 1835 omnem,

163 1861 340 1948 plagarum
363 1861 440 1947 quia
461 1870 539 1926 sunt
561 1861 715 1947 expertia,
737 1861 822 1926 siout
844 1861 941 1925 inane
963 1868 1013 1925 est

170 1965 259 2048 quod
281 1973 392 2029 manet
414 1965 576 2030 intactum
597 1987 702 2050 neque
725 1964 766 2029 ab
788 1965 857 2029 ictu
879 1963 1027 2050 fungitur
1049 1964 1162 2041 hilum,

173 2076 231 2132 aut
254 2068 354 2133 etiam
376 2068 454 2154 quia
474 2069 565 2133 nulla
586 2069 648 2133 loci
670 2069 708 2133 fit
731 2068 823 2154 copia
845 2070 973 2145 circum,

178 2196 238 2260 quo
259 2174 353 2259 quasi
374 2196 425 2239 res
446 2174 571 2260 possint
592 2174 755 2238 discedere
778 2173 983 2258 dissoluique,
1227 2173 1289 2254 360

176 2275 256 2342 sicut
278 2298 478 2341 summarum
500 2299 627 2341 summa
649 2283 700 2340 est
722 2284 854 2340 aeterna
876 2297 980 2360 neque
1003 2282 1095 2339 extra

177 2376 229 2460 qui
252 2376 340 2440 locus
362 2383 412 2440 est
435 2397 499 2460 quo
520 2374 680 2439 dissiliant
702 2397 807 2460 neque
830 2397 960 2459 corpora
982 2381 1059 2438 sunt
1082 2395 1165 2459 quae

177 2479 297 2562 possint
318 2478 459 2545 incidere
482 2487 516 2543 et
538 2479 645 2543 valida
666 2479 838 2544 dissolvere
860 2479 963 2564 plaga

177 2591 345 2667 utusque,
368 2582 419 2647 uti
440 2583 544 2660 docui,
566 2583 667 2648 solido
689 2606 763 2646 cum
786 2605 915 2669 corpore
939 2582 1052 2647 mundi

178 2693 332 2762 naturast,
353 2686 505 2771 quoniam
527 2686 742 2751 admixtumst
764 2687 798 2750 in
820 2686 917 2751 rebus
940 2686 1043 2761 inane,
1226 2688 1284 2768 365

176 2809 232 2852 nec
254 2795 367 2852 tamen
382 2795 439 2870 ,est
460 2796 499 2853 ut
521 2788 626 2866 inane,
648 2811 753 2874 neque
776 2797 885 2854 autem
910 2810 1041 2873 corpora
1063 2789 1189 2866 desunt,

176 2913 211 2955 ex
235 2890 363 2955 infinito
385 2912 468 2976 quae
492 2891 615 2977 possint
637 2893 719 2956 forte
742 2900 849 2956 coorta
1261 2886 1263 2890 ⁷

176 3015 319 3059 corruere
342 2995 424 3060 hanc
446 3018 554 3061 rerum
576 2996 718 3061 violento
740 2997 871 3062 turbiue
894 3019 1053 3061 summam

176 3106 231 3163 aut
254 3097 352 3162 aliam
374 3099 521 3183 quamvis
542 3099 666 3164 cladem
688 3099 851 3184 inportare
873 3099 995 3184 pericli,

175 3221 231 3264 nec
254 3222 347 3285 porro
368 3209 486 3265 natura
508 3201 569 3265 loci
591 3201 798 3287 spatiumque
821 3201 971 3286 profundi

176 3301 291 3380 deficit,
315 3303 464 3390 exspargi
485 3326 549 3388 quo
570 3305 695 3390 possint
718 3305 845 3368 moenia
867 3305 990 3381 mundi,

175 3414 231 3470 aut
254 3405 318 3470 alia
339 3406 453 3491 quavis
475 3417 608 3492 possunt
631 3408 664 3471 vi
686 3410 779 3492 pulsa
800 3407 913 3494 perire.

176 3507 255 3572 haut
278 3507 380 3593 igitur
402 3508 460 3572 leti
482 3508 649 3594 praeclusa
671 3519 720 3574 est
742 3509 841 3573 ianua
863 3510 950 3574 caelo

176 3633 233 3676 nec
255 3611 315 3676 soli
337 3620 505 3697 terraeque
528 3635 633 3698 neque
655 3613 732 3677 altis
754 3614 901 3698 aequoris
923 3613 1027 3690 undis,

175 3714 231 3779 sed
252 3722 345 3800 patet
367 3715 503 3780 immani
525 3725 559 3780 et
581 3723 672 3780 vasto
694 3725 856 3799 respectat
877 3716 979 3781 hiatu.

176 3840 274 3904 qnare
296 3818 396 3883 etiam
419 3820 531 3883 nativa
552 3829 752 3885 necessumst
775 3822 947 3885 confiteare

174 3920 253 3986 haec
275 3921 408 4001 eadem;
436 3944 542 4008 neque
565 3923 660 4000 enim,
685 3924 813 3988 mortali
835 3945 964 4008 corpore
987 3930 1168 4009 quaesunt

90 4165 157 4220 Brix,
170 4165 228 4218 Ver.
240 4165 304 4217 Ven.
317 4167 390 4218 Walr.
522 4171 570 4232 349
586 4172 664 4220 11111111
675 4170 737 4221 Pius
748 4171 776 4220 in
789 4173 871 4231 notes,
883 4171 975 4222 Lamb.
986 4171 1027 4221 for
1037 4169 1104 4222 idem
1115 4169 1200 4221 which
1210 4172 1289 4223 Lech.

89 4251 177 4312 keeps:
194 4240 337 4301 seen693.
371 4249 452 4300 Lach.
463 4266 517 4302 was
528 4251 573 4302 the
583 4253 640 4303 first
652 4257 679 4304 1ο
690 4254 744 4317 join
757 4257 824 4305 iuter
834 4271 879 4304 nos
889 4254 953 4304 with
964 4253 1033 4304 what
1044 4254 1151 4307 follows.
1204 4256 1252 4306 359
1257 4256 1291 4317 fit

86 4325 167 4380 Iach.
178 4325 236 4376 first
247 4326 288 4375 lor
293 4329 340 4380 ait.
462 4329 509 4383 367
526 4338 611 4393 coortu
622 4331 687 4382 Mar.
700 4331 757 4384 Ald.
773 4332 787 4379 1
799 4331 871 4383 Junt.
886 4331 926 4381 for
936 4339 1045 4394 roperta.
1167 4331 1215 4382 368
1233 4333 1291 4382 Gor·

86 4423 167 4460 mere.
208 4407 331 4472 Proruere
348 4407 438 4461 bamb.
459 4413 508 4472 etc,
624 4414 671 4464 375
689 4415 801 4465 immuni.
844 4412 1056 4472 immcaeBruno
1073 4413 1091 4463 l.
1108 4412 1127 4463 1.
1144 4427 1169 4475 p.
1191 4413 1235 4463 10:
1257 4412 1291 4464 he
