2834 4792
664 228 713 292 IV

181 410 278 474 saepe
301 395 413 453 tamen
434 389 687 454 summittuntur
709 390 849 476 virisque
871 393 1043 457 resolvunt.

182 490 301 555 deinde
324 491 433 556 cibum
456 492 605 578 sequitur
627 515 767 572 somnus,
789 494 874 579 quia,
896 517 980 580 quae
1003 495 1080 560 facit
1102 518 1165 572 aer,

182 595 262 659 haec
284 595 397 660 eadem
419 596 519 673 cibus,
544 596 578 660 in
601 619 699 661 venas
721 598 800 662 dum
823 598 949 664 diditur
969 600 1081 679 omnis,

182 697 288 767 efficit.
318 705 353 762 et
375 698 479 763 multo
502 720 595 784 sopor
616 698 672 763 ille
694 699 904 786 gravissimus
928 710 1034 766 exstat

182 822 279 885 quem
301 808 393 864 satur
414 809 473 864 aut
495 802 597 865 lassus
620 801 736 886 capias,
759 802 835 888 quia
857 803 998 888 plurima
1020 813 1091 868 tum
1114 827 1148 869 se

181 925 312 988 corpora
334 903 529 969 conturbant
551 926 670 991 magno
693 913 827 969 contusa
850 906 965 973 labore.

182 1005 221 1069 fit
243 1005 368 1071 ratione
391 1006 503 1071 eadem
526 1007 691 1071 coniectus
713 1008 833 1092 partim
856 1009 977 1073 animai

181 1109 277 1174 altior
298 1119 398 1196 atque
421 1111 503 1174 foras
525 1110 649 1175 eiectus
671 1112 789 1198 largior
811 1113 890 1189 eius,

182 1221 215 1276 et
238 1211 370 1277 divisior
391 1213 477 1277 inter
499 1235 533 1277 se
556 1235 593 1277 ac
614 1212 798 1278 distractior
819 1213 855 1277 in
877 1223 951 1279 test.

225 1316 268 1381 Et
291 1338 355 1401 quo
378 1316 514 1402 quisque
537 1317 603 1381 fere
626 1317 734 1382 studio
757 1317 926 1383 devinctus
949 1318 1102 1383 adhaeret

181 1426 239 1482 aut
261 1419 379 1504 quibus
402 1418 436 1482 in
458 1419 554 1483 rebus
576 1420 718 1484 multum
741 1442 853 1484 sumus
875 1429 952 1485 ante
975 1422 1092 1487 morati

181 1531 279 1606 atque
301 1522 337 1586 in
359 1545 398 1587 ea
419 1524 543 1588 ratione
567 1523 630 1588 fuit
652 1532 806 1589 contenta
828 1525 931 1611 magis
954 1548 1053 1602 mens,

181 1625 215 1688 in
238 1625 357 1690 somnis
380 1626 493 1690 eadem
515 1628 706 1712 plerumque
729 1627 877 1692 videmur
899 1628 1005 1709 obire;

181 1729 333 1794 causidici
356 1751 468 1794 causas
490 1752 585 1816 agere
608 1739 642 1795 et
665 1753 854 1816 componere
878 1732 972 1817 leges

180 1832 424 1917 induperatores
445 1856 590 1920 pugnare
612 1857 649 1898 ac
671 1833 792 1920 proelia
814 1834 911 1912 obire,

181 1944 301 2000 nautae
323 1944 525 2020 contractum
548 1959 622 2001 curn
645 1937 752 2001 ventis
774 1937 891 2024 degere
914 1938 1045 2015 bellum,

181 2061 239 2103 nos
260 2061 356 2126 agere
378 2040 438 2104 hoc
459 2049 570 2105 autem
594 2048 628 2106 et
650 2050 801 2105 naturam
824 2064 978 2128 quaerere
1000 2065 1107 2107 rerum

181 2164 308 2227 semper
329 2149 363 2206 et
385 2142 552 2207 inventam
574 2143 689 2228 patriis
711 2165 869 2229 exponere
892 2145 1022 2211 chartis.

182 2253 289 2309 cetera
311 2244 356 2309 sic
378 2245 487 2309 studia
508 2254 607 2331 atque
630 2255 716 2310 artes
738 2247 928 2332 plerumque
951 2247 1103 2312 videntur

181 2349 216 2411 in
238 2348 358 2412 somnis
379 2348 504 2412 animos
526 2348 695 2412 hominum
718 2350 873 2414 frustrata
896 2358 1014 2414 tenere.

181 2461 215 2516 et
238 2453 432 2539 quicumque
454 2453 524 2518 dies
546 2454 666 2518 multos
688 2476 728 2518 ex
751 2455 862 2518 ordine
884 2455 969 2518 ludis

181 2557 331 2621 adsiduas
352 2558 512 2622 dederunt
535 2579 655 2641 operas,
677 2557 867 2641 plerumque
891 2557 1046 2634 videmus,

180 2681 254 2723 cum
276 2660 343 2724 iam
364 2660 562 2724 destiterunt
586 2681 625 2723 ea
647 2659 795 2723 sensibus
817 2681 979 2743 usurpare,

181 2762 316 2827 relicuas
338 2772 447 2828 tamen
472 2784 540 2827 esse
562 2763 632 2826 vias
653 2761 686 2826 in
711 2771 821 2827 mente
844 2763 996 2847 patentis

182 2888 246 2951 qua
268 2866 392 2952 possint
415 2867 527 2931 eadem
550 2889 658 2930 rerum
681 2866 851 2930 simulacra
872 2865 989 2930 venire.

180 2993 238 3055 per
260 2971 379 3035 multos
400 2971 512 3055 itaque
534 2971 591 3034 illa
612 2970 681 3035 dies
704 2971 816 3034 eadem
839 2971 1050 3034 obversantur

180 3081 257 3138 ante
280 3074 396 3150 oculos,
418 3073 518 3138 etiam
541 3073 714 3160 vigilantes
736 3082 775 3137 ut
797 3073 970 3138 videantur

181 3197 308 3240 cernere
331 3175 481 3240 saltantis
506 3182 541 3239 et
563 3175 672 3239 mollia
693 3175 839 3241 membra
860 3175 1019 3239 moventis

179 3289 214 3344 et
236 3279 378 3345 citharae
400 3279 560 3364 liquidum
584 3302 713 3344 carmen
734 3280 932 3365 chordasque
954 3277 1115 3364 loquentis

179 3380 312 3446 auribus
334 3381 477 3467 accipere
499 3390 534 3446 et
556 3403 738 3446 consessum
761 3403 890 3446 cernere
913 3381 1052 3446 eundem

180 3485 351 3570 scenaique
373 3485 469 3549 simul
492 3485 595 3550 varios
617 3486 785 3572 splendere
808 3487 944 3551 decores.

91 3717 174 3778 Saepe
186 3721 267 3764 tamar
279 3717 336 3778 [not
348 3716 428 3778 maro]
438 3718 633 3766 manumittuntur.
667 3715 750 3766 Tama
762 3715 824 3777 quid
836 3715 870 3765 sit
882 3714 955 3763 docet
970 3713 1073 3771 Festus,
1086 3712 1222 3762 cubantem
1234 3725 1293 3760 vero

89 3801 192 3847 tamam
209 3796 274 3846 dixit
288 3797 358 3859 quod
372 3797 491 3848 deorsum
506 3798 540 3847 ad
555 3797 634 3861 pedes
649 3797 749 3848 tendat.
766 3799 802 3847 sio
818 3798 886 3847 infra
898 3799 1018 3846 cubantia
1031 3803 1104 3845 tecta.
1138 3794 1210 3843 Idem
1222 3809 1293 3843 error

90 3877 163 3942 apud
174 3877 289 3927 Nonium
300 3878 329 3928 in
340 3892 416 3928 versu
425 3878 519 3928 Lucilii
530 3879 560 3928 in
571 3893 632 3928 voce
644 3880 752 3942 differre,
765 3879 809 3927 ubi
819 3894 866 3942 pro
878 3887 947 3928 tama
958 3876 1051 3939 legitur
1063 3884 1145 3925 tumen
1153 3875 1168 3924 ’.

125 3962 173 4015 969
181 3963 279 4026 purtim
288 3960 369 4011 Lech.
381 3961 421 4010 ior
429 3968 514 4024 parte:
526 3975 615 4024 comp.
629 3961 684 4012 918.
714 3976 789 4024 porro
801 3961 866 4013 Mar.
880 3959 936 4010 Ald.
952 3959 1051 4007 liunt.
1063 3957 1132 4018 vulg.
1245 3956 1293 4006 961

89 4048 120 4094 in
135 4053 183 4095 reat
196 4042 246 4095 Ed
258 4044 298 4093 ior
308 4047 393 4094 intua:
410 4058 437 4093 vr
448 4043 496 4095 674
511 4046 556 4106 qui
571 4046 651 4093 vitare
666 4057 728 4092 mss.
739 4043 780 4092 ior
791 4045 874 4106 quivis
887 4049 935 4092 est:
953 4055 1036 4103 comp.
1049 4038 1097 4090 916
1108 4038 1160 4089 and
1172 4038 1228 4095 946,
1241 4038 1293 4087 and

88 4125 284 4190 capimin95‘l.
321 4132 393 4175 aetra
403 4124 482 4174 Laoh.
608 4125 888 4187 962quo...deuinctus.
921 4122 1134 4187 quo...defanctua
1146 4119 1292 4169 Monven.

88 4208 148 4260 Ald
169 4210 183 4258 1
202 4209 275 4259 aunt.
309 4209 530 4273 quoi...devinctur
547 4207 639 4257 Lemb.
656 4206 766 4257 without
782 4222 881 4257 reason.
1013 4205 1061 4257 964
1077 4206 1106 4252 in
1123 4218 1161 4253 ea.
1195 4205 1224 4251 in
1242 4218 1292 4264 qua

88 4292 155 4343 Mar.
169 4290 324 4353 sunavulg.
337 4289 459 4352 Wrongly.
585 4289 633 4342 968
645 4290 740 4351 degere.
772 4304 870 4339 certiore
882 4287 972 4337 Lamb.
1098 4286 1291 4336 982conaeasum

91 4375 159 4426 Mar.
170 4374 246 4424 Junt.
258 4373 298 4424 ior
307 4387 456 4425 caucasum.
630 4373 678 4424 983
691 4373 830 4435 Scenuique
840 4369 911 4419 Brix.
925 4370 964 4435 (i),
979 4370 1055 4418 Pont.
1067 4366 1124 4418 Aid.
1139 4366 1153 4414 1
1165 4365 1239 4414 Junt.
1251 4366 1292 4414 ior
