2834 4792
764 195 781 259 1
1320 200 1364 281 69

289 352 466 440 Linquitur
488 354 541 418 hic
564 354 722 440 quaedam
746 355 898 420 latitandi
921 356 1014 442 copia
1036 357 1151 433 tenvis,
1300 362 1360 441 875

242 457 277 521 id
299 457 385 543 quod
406 458 615 545 Anaxagoras
637 459 700 524 sibi
722 461 831 537 sumit,
855 470 893 525 ut
916 461 1067 526 omnibus
1089 462 1194 527 omnis

242 583 293 626 res
316 570 412 647 putet
433 561 588 627 inmixtas
609 563 706 627 rebus
728 563 868 641 latitare,
890 565 947 629 sed
971 565 1054 630 illud

244 687 398 751 apparere
420 688 524 730 unum
546 665 639 731 cuius
661 666 728 731 sint
750 667 891 753 plurima
913 668 1019 733 mixta

244 777 278 834 et
300 768 404 854 magis
425 768 460 833 in
482 779 635 855 promptu
657 770 826 856 primaque
849 771 884 834 in
905 771 1011 836 fronte
1034 771 1146 838 locata.

244 870 330 956 quod
353 879 465 935 tamen
487 893 508 936 a
529 893 605 937 vera
627 871 721 959 longe
743 873 868 938 ratione
891 875 1096 960 repulsumst.

244 973 456 1038 conveniebat
478 974 565 1038 enim
588 975 697 1062 fruges
718 998 847 1062 quoque
868 998 973 1063 saepe,
996 977 1115 1042 minaci

244 1076 357 1141 robore
379 1098 454 1140 cum
476 1078 546 1141 saxi
568 1078 771 1165 franguntur,
794 1080 925 1146 mittere
948 1081 1078 1169 signum

247 1180 414 1266 sanguinis
435 1190 495 1246 aut
516 1181 648 1267 aliquid,
669 1192 779 1247 nostro
801 1205 884 1269 quae
906 1206 1037 1270 corpore
1060 1184 1201 1250 aluntur.

110 1275 222 1362 585
246 1282 404 1347 consimili
425 1283 549 1348 ratione
573 1283 680 1349 herbis
702 1306 830 1371 quoque
852 1306 949 1373 saepe
971 1285 1116 1363 decebat,

110 1376 228 1466 384
248 1408 321 1451 eum
345 1386 445 1472 lapidi
466 1387 501 1450 in
524 1387 665 1473 lapidem
688 1389 832 1465 terimus,
855 1411 985 1454 manare
1008 1412 1170 1467 cruorem3

248 1498 281 1554 et
304 1489 417 1555 latices
438 1489 542 1554 dulcis
564 1500 677 1577 grttas
698 1491 861 1577 similique
884 1514 996 1578 sapore

249 1593 389 1672 mittere,
411 1594 573 1680 lanigerae
596 1595 685 1680 quali
707 1604 785 1660 sunt
808 1595 905 1661 ubere
929 1596 1030 1674 lactis,

248 1697 370 1763 scilicet
394 1706 429 1763 et
451 1697 556 1784 glebis
578 1708 737 1763 terrarum
759 1721 855 1784 saepe
878 1698 982 1764 friatis

250 1800 422 1865 herbarum
443 1823 562 1888 genera
584 1810 618 1866 et
641 1802 750 1889 fruges
773 1804 965 1888 frondesque
988 1803 1091 1868 videri

248 1903 419 1989 dispertita
440 1905 524 1971 inter
545 1913 664 1970 terram
688 1906 817 1971 latitare
839 1907 976 1983 minute,

250 2017 412 2094 postremo
434 2009 469 2073 in
491 2009 589 2096 lignis
611 2009 751 2074 cinerem
775 2010 964 2095 fumumque
988 2009 1098 2086 videri,

141 2176 147 2181 .
251 2135 325 2177 oum
347 2113 527 2197 praefracta
549 2114 662 2190 forent,
684 2114 834 2201 ignisque
856 2115 957 2178 latere
980 2114 1130 2178 minutos.

251 2238 388 2300 quorum
410 2216 458 2280 nil
479 2216 551 2280 fieri
573 2217 724 2303 quoniam
748 2217 921 2282 manifesta
943 2217 1036 2282 docet
1059 2239 1119 2293 ree,

250 2316 331 2382 seire
353 2317 431 2383 licet
453 2341 518 2383 non
540 2341 608 2384 esse
631 2320 666 2383 in
688 2319 784 2384 rebus
807 2342 857 2384 res
879 2319 927 2384 ita
949 2320 1076 2396 mixtas,

252 2443 364 2485 verum
386 2421 510 2486 semina
531 2422 733 2488 multimodis
754 2424 892 2488 inmixta
915 2425 1015 2489 latere

254 2524 431 2590 multarum
453 2547 561 2589 rerum
583 2525 619 2589 in
641 2525 737 2590 rebus
759 2527 943 2591 communia
964 2527 1092 2592 debent.

296 2627 363 2692 ‘At
386 2649 481 2713 saepe
503 2627 538 2691 in
560 2630 686 2715 magnis
708 2628 747 2694 fit
769 2630 952 2694 montibus'
975 2630 1084 2715 inquis
1106 2638 1162 2693 ‘ut
1185 2628 1260 2693 altis

252 2729 421 2795 arboribus
442 2730 549 2796 vicina
570 2732 738 2797 eacumina
760 2755 888 2796 summa
910 2741 1059 2797 terantur

252 2833 337 2898 inter
359 2856 403 2910 se,
424 2833 540 2899 validis
562 2837 665 2900 facere
688 2835 721 2899 id
744 2836 935 2921 cogentibus
957 2836 1085 2912 austris,

252 2936 353 3002 donec
376 2936 519 3003 flammai
540 2938 701 3003 fulserunt
724 2938 801 3003 flore
823 2948 931 3003 coorto
942 2940 956 3003 ’.
1306 2956 1371 3020 900

159 3024 162 3028 ⁵
253 3040 376 3105 scilicet
397 3049 432 3106 et
453 3063 518 3105 non
540 3050 592 3106 est
614 3041 711 3127 lignis
733 3050 845 3106 tamen
867 3041 985 3105 insitus
1008 3041 1100 3127 ignis,

253 3164 366 3206 verum
388 3142 512 3207 semina
534 3151 611 3207 sunt
632 3142 753 3207 ardoris
776 3143 889 3220 multa,
912 3144 1046 3208 terendo

253 3268 335 3332 quae
358 3268 432 3311 cum
454 3247 646 3325 confluxere,
668 3257 778 3313 creant
801 3248 951 3312 incendia
973 3247 1070 3311 silvie.

140 3454 315 3501 exarantur
330 3449 395 3500 with
411 3449 480 3501 Flor.
498 3450 529 3500 31
547 3450 636 3500 (lamb.
654 3453 702 3500 sto.
829 3452 876 3499 882
893 3466 949 3501 carr
964 3454 1022 3500 saci
1040 3450 1104 3499 Mar.
1122 3449 1180 3498 hld.
1200 3450 1212 3497 1
1231 3449 1302 3499 Junt.
1323 3452 1372 3497 etc.

145 3525 208 3581 for
222 3547 279 3582 cum
295 3535 324 3581 ia
340 3534 406 3582 saci.
504 3532 553 3581 884
569 3533 617 3582 885
634 3531 730 3595 rightly
747 3532 899 3595 transposed
915 3533 949 3595 by
965 3532 1038 3581 N.P.
1055 3531 1184 3581 Howard:
1209 3545 1249 3580 see
1266 3532 1372 3579 notes2

154 3609 207 3663 tor
221 3613 390 3677 explanation
407 3614 436 3663 of
450 3613 495 3664 the
510 3614 593 3663 whole
611 3629 719 3677 passage
738 3615 765 3663 in
785 3613 870 3662 which
889 3612 967 3663 much
988 3613 1102 3662 needless
1122 3612 1222 3674 change
1241 3610 1289 3661 has
1308 3610 1373 3660 been

155 3696 256 3746 trade:
285 3697 334 3745 884
353 3698 382 3745 in
404 3709 454 3747 orn.
474 3696 539 3746 Mar.
557 3695 631 3745 Junt.
648 3701 697 3745 etc.
716 3699 805 3754 ‘recta
823 3698 852 3745 ut
874 3701 946 3757 puto,
966 3695 1015 3744 etsi
1037 3710 1083 3743 eur
1105 3695 1194 3743 addita
1217 3694 1251 3742 sit
1273 3696 1369 3756 [praep.

163 3777 205 3839 ia]
217 3791 271 3826 non
282 3775 511 3838 intellego'Iraeh.
622 3780 723 3828 terimus
735 3777 985 3827 Nicefortenemur.
1095 3778 1142 3826 885
1160 3778 1248 3825 herbis.
1285 3777 1372 3824 herbae

164 3855 232 3909 Mer.
249 3858 308 3909 Ald.
328 3861 341 3907 1
359 3859 431 3909 Junt.
448 3857 528 3908 Lech.
546 3858 630 3921 vulgo.
759 3859 807 3908 886
827 3861 923 3908 brisce.
959 3861 1044 3908 laricis
1061 3858 1129 3907 Flor.
1148 3859 1178 3906 31
1197 3857 1286 3906 Gamb.
1304 3856 1372 3917 vulg.

164 3938 246 3992 Ireeh.
263 3939 385 4003 wrongly.
560 3941 607 3993 887
630 3942 703 4003 quali
726 3941 756 3998 B,
774 3942 859 4004 qualis
881 3941 910 4000 A,
931 3943 1016 4003 quoles
1039 3940 1061 3988 A
1083 3954 1146 3988 eorr.
1165 3938 1233 3989 Nice.
1253 3937 1322 3988 Flor.
1342 3938 1373 3985 31

168 4023 256 4076 Gamb.
356 4024 438 4072 ubere.
471 4023 549 4071 ubera
565 4021 671 4072 hamb:
693 4021 738 4072 the
755 4026 827 4072 exact
844 4021 949 4084 reading
965 4021 987 4070 is
1004 4021 1146 4070 uncertain.
1242 4020 1290 4068 890
1309 4021 1375 4068 iuter

110 4150 112 4155 .
169 4114 260 4156 terram
270 4103 349 4155 Lacu
364 4104 421 4153 first
432 4104 473 4153 for
483 4107 512 4153 ia
524 4111 631 4153 terram:
649 4103 719 4153 older
730 4104 826 4154 editors
837 4103 902 4153 have
913 4102 1055 4153 blundered
1067 4101 1206 4164 strangely.

201 4188 249 4239 893
271 4201 311 4236 rer
333 4184 417 4235 added
437 4184 471 4247 by
492 4183 563 4234 Nico.
586 4184 608 4233 B
631 4199 694 4234 corr.
720 4189 767 4236 eto.
936 4185 984 4235 900
1000 4187 1116 4247 flammai
1138 4183 1214 4232 Pont.
1238 4183 1311 4231 Junt.
1335 4183 1375 4231 lor

164 4269 299 4329 flemmm:
327 4280 344 4316 a
366 4265 458 4329 simple
479 4266 631 4323 correction,
653 4269 696 4327 yet
719 4264 870 4315 overlooked
891 4265 925 4326 by
947 4279 1027 4326 many
1049 4265 1078 4313 ol
1104 4263 1147 4312 the
1173 4262 1239 4312 later
1263 4262 1373 4312 editors:

168 4363 231 4400 eren
257 4347 368 4411 Nauger.
392 4345 442 4396 has
469 4346 530 4396 here
557 4346 673 4396 deserted
700 4347 772 4398 Junt.
803 4346 855 4396 end
882 4345 956 4395 reads
981 4347 1110 4409 fulserunt
1132 4347 1250 4408 fiammae
1273 4346 1374 4407 fulgore
