2804 4786
719 272 749 335 V

210 441 244 496 et
267 442 355 497 certa
377 432 502 498 ratione
525 433 594 520 geri
617 456 686 498 rem
708 443 807 519 atque
830 433 941 499 ordine
964 443 1060 500 certc.

256 535 327 599 Iam
350 535 465 600 validis
486 536 592 622 saepti
614 536 777 623 degebant
799 537 944 600 turribus
965 559 1082 601 aevom

213 648 247 704 et
270 639 374 704 divisa
396 640 562 704 colebatur
584 641 786 726 discretaque
809 641 915 717 tellus,

210 742 275 806 iam
299 766 387 808 mare
409 743 555 808 velivolis
578 743 713 809 florebat
734 744 918 830 puppibua;
948 744 1044 808 urbes

209 846 331 910 auxilia
353 869 390 911 ac
412 847 513 911 socios
536 847 602 911 iam
624 856 719 933 pacto
741 847 868 912 foedere
891 847 1065 925 habebant,

210 951 406 1016 carminibus
428 973 502 1015 cum
526 974 576 1015 res
599 960 708 1038 gestae
730 975 863 1038 coepere
886 961 1002 1039 poetae

211 1053 356 1132 tradere3
384 1075 444 1118 nec
467 1054 570 1118 multo
593 1055 675 1139 priu’
698 1063 775 1119 sunt
797 1056 959 1120 elementa
981 1065 1118 1141 reperta.

211 1161 381 1237 propterea
403 1152 482 1239 quid
505 1153 548 1218 sit
571 1154 661 1239 prius
683 1163 793 1219 actum
815 1155 973 1240 respicere
996 1164 1087 1220 aetas

210 1262 320 1318 nostra
341 1255 463 1340 nequit,
486 1255 549 1319 nisi
571 1278 635 1341 qua
656 1257 739 1321 ratio
762 1257 900 1343 vestigia
922 1268 1088 1323 monstrat.

255 1357 397 1444 Navigia
418 1368 516 1444 atque
538 1359 609 1446 agri
631 1360 774 1424 culturas
796 1360 923 1424 mocnia
946 1360 1033 1446 legas

210 1485 299 1527 arma
322 1463 389 1528 vias
411 1472 518 1528 vestes
541 1472 570 1528 11
592 1471 699 1528 cetera
721 1463 761 1528 de
783 1486 902 1550 genere
926 1464 1050 1540 horum,

210 1567 363 1652 praemia,
385 1567 517 1632 deliciae
539 1590 667 1653 quoque
689 1569 776 1632 vitae
798 1568 946 1632 funditus
969 1569 1082 1645 omnis,

211 1670 353 1733 carmina
374 1670 526 1755 picturae,
550 1677 583 1734 et
606 1670 740 1734 daedala
762 1671 856 1757 signa
877 1671 986 1755 polire,

211 1794 289 1836 usus
311 1781 345 1837 et
367 1772 525 1859 impigrae
549 1773 645 1837 simul
668 1773 868 1858 experientia
890 1773 1009 1837 mentis

211 1876 368 1960 paulatim
391 1876 502 1940 docuit
526 1876 738 1962 pedetemtim
761 1877 1004 1963 progredientis.

211 1979 256 2044 sic
279 1980 537 2066 unumquicquid
560 1981 719 2066 paulatim
741 1981 901 2066 protrahit
924 1989 1014 2044 aetas

211 2083 245 2147 in
267 2083 411 2148 medium
434 2084 580 2169 ratioque
603 2084 638 2147 in
661 2083 793 2148 luminis
815 2083 911 2170 erigit
933 2107 1013 2148 orae.

211 2210 350 2273 namque
372 2189 439 2253 alid
462 2212 501 2254 ex
524 2189 588 2253 alio
610 2189 781 2253 clarescere
804 2196 838 2254 et
861 2188 972 2253 ordine
995 2188 1093 2252 (lebet

211 2292 344 2370 artibua
367 2295 408 2358 ad
430 2316 594 2358 summum
616 2293 718 2358 donec
740 2316 856 2359 venere
879 2315 1041 2359 cacumen.

123 2515 168 2561 out
180 2513 246 2562 after
256 2529 291 2562 m:
309 2520 334 2563 11
344 2513 368 2563 ia
379 2512 461 2563 added
472 2512 505 2576 by
517 2513 581 2563 Mar.
595 2512 653 2562 Ald.
667 2513 681 2561 1
693 2513 766 2563 Junt.
778 2511 871 2562 Lamb.
887 2512 956 2574 vulg.
985 2513 1110 2563 1111111111
1122 2513 1202 2563 Irach.
1218 2508 1223 2520 '
1267 2515 1333 2563 1442

123 2595 181 2643 Iam
191 2593 271 2643 Lach.
283 2594 324 2643 for
336 2597 406 2644 Tam.
437 2603 541 2658 propter
552 2596 636 2646 odores
648 2594 684 2645 all
695 2609 757 2645 maa.
772 2593 857 2644 which
869 2595 943 2646 Wak.
958 2595 1079 2659 abaurdly
1090 2595 1205 2647 delenda.
1236 2601 1332 2661 pappi·

125 2679 168 2725 trra
178 2678 186 2740 (
187 2676 305 2742 puppit.)
313 2685 338 2727 11
344 2693 382 2727 rer
392 2676 470 2727 Lech.
499 2677 656 2740 puppiensis
668 2676 885 2739 unqueationably
895 2676 979 2740 right3
997 2678 1044 2728 but
1055 2694 1093 2728 rec
1105 2693 1214 2741 appears
1226 2683 1335 2742 strange

123 2755 233 2806 without
250 2771 302 2819 any
318 2755 429 2820 epithet;
453 2756 547 2806 Ihave
564 2756 666 2806 written
683 2756 810 2806 therefore
822 2759 965 2820 puppibua;
985 2760 1064 2807 arbec.
1102 2761 1165 2809 Tum
1181 2775 1250 2808 marc
1268 2764 1330 2810 veli-

124 2839 207 2887 volum
217 2840 325 2901 florebat
341 2838 445 2888 acribu’
458 2839 553 2901 pendia
570 2838 643 2889 Junt.
660 2838 715 2903 (not
730 2838 806 2887 Pont.
822 2853 851 2887 or
868 2838 945 2904 Mar.)
958 2838 1049 2888 Lamb.
1061 2843 1109 2889 etc.
1121 2839 1249 2903 probably
1266 2841 1334 2891 after

126 2919 238 2969 Servius.
337 2920 400 2972 1449
411 2928 437 2969 11
448 2919 533 2969 added
545 2920 579 2982 by
589 2919 658 2971 Flor.
673 2921 704 2970 31
716 2919 805 2969 (lamb.
912 2921 975 2970 1451
989 2924 1072 2984 polire
1083 2922 1153 2972 Flor.
1165 2924 1196 2972 31
1208 2923 1270 2975 Vat.
1284 2926 1334 2975 640

125 2999 217 3049 Urbin.
230 2999 282 3050 and
294 3001 358 3050 1954
370 2999 463 3050 Othob.
477 3000 541 3049 Mar.
554 2999 612 3049 Ald.
625 3002 639 3049 l
652 3000 724 3052 Junt.
739 3000 831 3050 Lamb.
843 3001 923 3052 Lach.
936 3002 977 3050 lor
985 3005 1076 3066 polito.
1166 3005 1230 3053 1455
1246 3009 1333 3068 eripit.

125 3085 192 3132 eruit
203 3083 276 3132 Junt.
290 3083 346 3147 (not
355 3081 430 3133 Pont.
445 3097 475 3132 or
486 3082 561 3147 Mar.)
573 3082 665 3132 Lamb.
677 3086 725 3132 etc.
737 3083 858 3146 wrongly.
969 3083 1033 3132 1456
1049 3086 1184 3135 clarescere
1201 3092 1226 3134 et
1241 3089 1330 3137 ordine

33 3171 36 3177 ”
126 3166 196 3214 debet
207 3164 257 3214 Ed.
269 3164 309 3214 for
325 3166 459 3214 clarescere
476 3165 548 3213 corde
564 3166 701 3213 ridebant:
726 3178 775 3213 one
792 3180 805 3214 e
821 3179 875 3214 waa
892 3163 1017 3214 absorbed
1038 3165 1072 3229 by
1088 3165 1133 3216 the
1153 3165 1243 3226 otham
1267 3169 1338 3218 then.

126 3247 222 3296 cordiae
240 3248 310 3296 debet
326 3246 419 3308 passed
436 3245 493 3296 into
511 3248 582 3295 corde
599 3248 726 3295 videbant.
760 3249 893 3296 clarescere
911 3249 1070 3296 conveniebat
1086 3247 1166 3300 Iraoh.
1186 3248 1245 3298 who
1262 3250 1333 3313 joina

125 3331 228 3379 Artibua
239 3328 302 3378 with
312 3344 406 3378 verrere.
