2834 4792
682 243 732 308 1v

186 400 242 465 sed
265 399 357 487 quasi
378 395 597 466 adumbratim
620 403 755 489 paulum
777 402 930 468 simulata
952 403 1113 470 videntur.

188 505 303 570 umbra
324 505 456 571 videtur
477 506 557 571 item
579 507 673 572 nobis
694 506 729 572 in
751 507 818 573 sole
840 507 963 572 moveri

188 618 222 674 et
245 609 382 698 vestigia
404 619 514 676 nostra
535 611 627 697 sequi
648 620 844 698 gestumque
865 611 1007 693 imitari3

189 736 264 780 aera
285 715 313 779 si
335 714 438 780 credis
459 715 623 801 privatum
647 716 769 780 lumine
791 738 884 802 posse
967 739 969 743 ·

188 818 368 905 indugredi,
391 827 499 884 motus
521 819 690 884 hominum
711 828 907 907 gestumque
929 827 1141 905 sequentem;

187 943 263 985 nam
285 921 331 985 nil
354 944 423 986 esse
444 929 553 1007 potest
574 922 658 986 ahut
680 922 743 986 nisi
767 922 889 987 lumine
912 944 1022 990 cassus

188 1049 243 1091 aer
264 1027 299 1091 id
321 1027 407 1112 quod
428 1049 487 1090 nos
509 1026 658 1090 umbram
680 1026 849 1113 perhibere
872 1032 1012 1092 suemus.

190 1130 344 1194 nimirum
367 1129 444 1215 quia
466 1138 553 1194 terra
575 1129 651 1194 locis
674 1153 714 1195 ex
736 1130 848 1196 ordine
870 1131 967 1195 certis

191 1233 314 1298 lumine
336 1232 483 1319 privatur
505 1234 582 1298 solis
604 1256 807 1320 quacumque
829 1243 976 1299 meantes

191 1336 356 1413 efficimus,
378 1337 523 1422 repletur
544 1337 623 1402 item
647 1337 733 1423 quod
755 1337 910 1423 liquimus
932 1337 1011 1415 eius,

190 1447 361 1524 propterea
381 1439 420 1504 fit
443 1439 494 1504 uti
516 1440 674 1517 videatur,
697 1463 779 1526 quae
803 1441 866 1505 luit
889 1440 1004 1505 umbra

190 1545 336 1629 corporis,
359 1565 377 1608 e
399 1544 529 1632 regione
552 1544 665 1609 eadem
687 1567 745 1608 nos
767 1567 870 1631 usque
892 1553 1011 1612 secuta

190 1668 317 1732 semper
338 1646 424 1711 enim
447 1670 530 1712 nova
552 1670 586 1712 se
608 1647 772 1712 radiorum
795 1648 920 1713 lumina
942 1647 1085 1713 fundunt
1249 1662 1306 1730 375

192 1750 359 1835 primaque
382 1750 581 1835 dispereunt,
603 1750 696 1836 quasi
717 1751 753 1816 in
775 1751 885 1838 ignem
909 1751 983 1815 lana
1004 1751 1165 1816 trahatur.

191 1863 362 1940 propterea
384 1855 477 1920 facile
499 1863 533 1919 et
556 1854 712 1940 spoliatur
735 1854 857 1919 lumine
880 1863 967 1919 terra

191 1964 225 2021 et
247 1956 391 2042 repletur
413 1957 493 2021 item
516 1956 688 2044 nigrasque
710 1956 773 2022 sibi
796 1955 901 2021 abluit
923 1955 1063 2021 umbras.

236 2061 305 2125 Nec
328 2068 438 2125 tamen
461 2059 513 2124 hic
536 2060 643 2124 oculos
666 2059 733 2125 falli
755 2059 960 2125 concedimus
982 2059 1096 2124 hilum.

192 2186 267 2228 nam
290 2185 493 2249 quocumque
515 2162 583 2227 loco
606 2162 649 2227 sit
672 2163 728 2227 lux
750 2171 850 2248 atque
873 2162 988 2226 umbra
1010 2160 1098 2227 tueri
1252 2163 1313 2244 380

191 2267 319 2331 illorum
343 2275 410 2345 est;
439 2264 552 2330 eadem
575 2288 650 2329 vero
673 2265 739 2330 sint
763 2265 886 2329 lumina
907 2287 1018 2342 necne,
1048 2345 1051 2349 Ι

191 2370 370 2456 umbraque
393 2393 476 2455 quae
499 2369 563 2434 suit
585 2369 638 2434 hic
660 2369 773 2434 eadem
796 2392 882 2434 nunc
905 2377 1050 2435 transeat
1072 2368 1159 2448 illuc,

190 2496 232 2538 an
254 2475 364 2560 potius
386 2474 444 2538 fiat
467 2474 563 2560 paulo
585 2473 672 2559 quod
694 2475 836 2539 diximus
858 2484 944 2552 ante,

191 2578 250 2642 hoc
272 2577 373 2643 animi
395 2579 527 2644 demum
550 2580 633 2644 ratio
656 2579 836 2645 discernere
858 2579 965 2658 debet,

190 2703 249 2744 nec
271 2690 405 2766 possunt
428 2682 512 2746 oculi
535 2690 685 2747 naturam
709 2704 838 2747 noscere
860 2706 978 2748 rerum.
1252 2685 1310 2764 385

190 2783 323 2869 proinde
346 2785 446 2848 animi
471 2785 588 2849 vitium
612 2786 671 2851 hoc
694 2787 794 2851 oculis
816 2787 980 2874 adfingere
1002 2787 1079 2853 noli.

191 2909 256 2972 qua
277 2887 425 2951 vehimur
447 2888 531 2964 navi,
554 2888 665 2965 fertur,
688 2912 762 2953 cum
785 2898 870 2954 stare
894 2890 1042 2969 videtur;

191 3013 273 3075 quae
295 2999 406 3055 manet
428 2990 463 3055 in
485 2991 635 3068 statione,
657 3014 696 3057 ea
718 3001 848 3077 praeter
869 2992 1013 3057 creditur
1034 2992 1090 3057 ire.

192 3102 226 3157 et
248 3094 359 3180 fugere
382 3093 423 3158 ad
446 3094 582 3180 puppim
605 3094 701 3158 colles
723 3094 894 3180 campique
917 3094 1071 3159 videntur

191 3221 270 3283 quos
292 3199 418 3284 agimus
442 3208 570 3283 praeter
593 3221 710 3263 navem
734 3199 879 3284 velisque
903 3199 1056 3264 volamus.
1249 3215 1309 3281 390

192 3301 297 3365 sidera
319 3323 441 3365 cessare
464 3301 619 3365 aetheriis
641 3302 748 3366 adfixa
770 3301 917 3366 cavernis

193 3412 309 3467 cuncta
331 3402 491 3480 videntur,
514 3412 547 3467 et
570 3402 706 3468 adsiduo
728 3412 806 3467 sunt
828 3403 937 3468 omnia
958 3412 1060 3478 motu,

195 3506 458 3592 quandoquidem
483 3507 594 3594 longos
616 3507 726 3572 obitus
749 3515 860 3572 exorta
881 3506 1035 3583 revisunt,

192 3633 264 3675 cum
287 3633 456 3696 permensa
478 3633 536 3675 suo
559 3619 636 3675 sunt
659 3611 784 3675 caelum
807 3632 937 3695 corpore
960 3610 1052 3674 claro.

191 3717 301 3801 solque
324 3715 394 3800 pari
416 3715 541 3780 ratione
564 3738 694 3779 manere
717 3723 750 3779 et
774 3715 851 3778 luna
873 3714 1027 3779 videntur
1249 3725 1305 3793 395

192 3817 227 3881 in
249 3819 398 3894 statione,
421 3842 459 3883 ea
482 3841 564 3904 quae
587 3819 663 3882 ferri
684 3841 735 3882 res
757 3817 879 3882 indicat
901 3817 981 3902 ipsa.

190 3921 412 4007 exstantisque
435 3923 546 4007 procul
569 3922 676 3986 medio
698 3921 739 3986 de
761 3920 891 4007 gurgite
915 3919 1035 3984 montis

191 4025 345 4090 classibus
367 4025 453 4090 inter
476 4048 556 4112 quos
579 4025 660 4090 liber
681 4033 775 4111 patet
797 4025 905 4090 exitus
927 4023 1051 4111 ingens,

106 4260 210 4309 tornum,
223 4266 239 4299 a
249 4250 347 4300 violent
358 4250 464 4314 change.
609 4254 656 4303 378
667 4253 751 4301 abluit
762 4250 820 4300 Ver.
832 4250 898 4300 Ven.
909 4251 975 4300 Mar.
989 4250 1029 4299 for
1040 4251 1135 4300 adluit.
1266 4249 1310 4300 395

105 4335 222 4383 videntur
236 4332 317 4381 Lech.
333 4333 373 4381 sor
387 4335 494 4395 videtur,
513 4348 542 4383 as
556 4334 622 4396 plur.
637 4350 667 4384 eo
679 4333 785 4383 follows.
819 4333 851 4382 In
868 4332 944 4382 small
959 4332 999 4382 ed.
1015 4332 1029 4381 I
1043 4330 1157 4394 thought
1173 4331 1234 4383 that
1249 4331 1311 4382 after

107 4416 154 4466 397
170 4431 185 4464 a
200 4429 271 4464 verse
282 4429 335 4463 was
350 4415 403 4464 lost
418 4414 446 4465 of
461 4414 515 4465 this
530 4419 631 4474 nature,
647 4417 746 4464 Fallere
763 4430 835 4477 saepe
852 4416 963 4464 acimum
978 4414 1058 4463 simili
1074 4414 1174 4464 ratione
1187 4415 1310 4470 vidonem
