2834 4792
712 235 768 300 III

232 393 277 458 sic
299 393 427 459 animus
448 416 507 479 per
528 416 562 458 se
586 417 649 458 non
672 395 745 480 quit
767 395 837 460 sine
860 417 991 480 corpore
1014 395 1140 482 etipse

233 517 302 560 esse
325 495 465 574 homine,
486 495 575 560 illius
599 495 692 582 quasi
714 497 800 582 quod
824 518 880 561 vas
902 519 968 562 ease
991 496 1121 564 videtur

233 598 300 663 sive
322 599 413 664 aliud
435 599 514 685 quid
536 599 586 664 vis
608 601 717 685 potius
738 600 944 667 coniunctius
967 602 998 666 ei

232 702 362 789 fingere,
384 704 646 789 quandoquidem
669 726 792 769 conexu
815 727 930 789 corpus
952 705 1115 771 adhaeret.
1180 720 1185 727 '

276 806 425 891 Denique
447 806 586 892 corporis
608 815 707 892 atque
729 807 830 872 animi
852 808 962 873 vivata
983 817 1127 894 potestas

232 908 318 973 inter
340 931 374 973 se
396 909 569 974 coniuncta
590 910 699 974 valent
723 909 854 995 vitaque
877 911 1050 991 fruuntur;

232 1033 291 1076 nec
313 1011 382 1077 sine
404 1034 533 1098 corpore
555 1012 643 1076 enim
667 1013 775 1078 vitalis
796 1013 891 1078 edere
914 1021 1022 1079 motus

233 1113 300 1177 sola
320 1123 429 1200 potest
450 1115 551 1179 animi
574 1137 687 1201 perse
710 1125 828 1181 natura
850 1138 910 1181 neo
932 1125 1044 1181 autem

233 1238 358 1281 cassum
381 1217 490 1282 anima
512 1240 627 1303 corpus
649 1219 765 1283 durare
788 1227 822 1284 et
845 1219 993 1284 sensibus
1015 1219 1075 1285 uti.

233 1319 355 1385 scilicet
377 1320 504 1385 avolsus
526 1321 688 1386 radicibus
710 1330 749 1387 ut
771 1323 886 1408 nequit
909 1323 1007 1388 ullam

234 1425 390 1510 dispicere
412 1425 481 1511 ipse
503 1425 615 1490 oculus
637 1448 706 1490 rem
728 1448 870 1491 seorsum
893 1449 1022 1513 corpore
1045 1434 1124 1503 toto,

234 1530 279 1592 sic
301 1529 410 1594 anima
430 1537 530 1615 atque
552 1530 680 1594 animus
702 1551 760 1616 per
782 1552 815 1595 se
837 1530 885 1594 nil
906 1552 998 1616 posse
1021 1529 1158 1595 videtur.

236 1631 390 1695 nimirum
413 1631 489 1717 quia
507 1653 569 1717 per
591 1654 689 1697 venas
712 1642 746 1697 et
768 1633 891 1697 viscera
914 1632 1052 1709 mixtim,

236 1757 294 1820 per
314 1757 428 1800 nervos
450 1743 549 1821 atque
572 1757 651 1812 ossa,
675 1743 830 1800 tenentur
853 1758 982 1822 corpore
1004 1736 1046 1801 ab
1069 1735 1158 1800 omni

237 1859 295 1901 nec
317 1837 443 1923 magnis
465 1838 645 1902 intervallis
668 1837 843 1922 primordia
864 1847 1001 1924 possunt

237 1942 337 2007 libera
359 1942 540 2019 dissultare,
562 1942 635 2007 ideo
657 1943 807 2008 conclusa
828 1950 1002 2008 moventur

235 2045 404 2110 sensiferos
426 2054 533 2109 motus
556 2066 636 2130 quos
658 2055 751 2109 extra
773 2067 888 2131 corpus
911 2045 946 2109 in
968 2066 1062 2109 auras

235 2149 318 2213 aeris
339 2148 421 2212 haut
443 2158 579 2235 possunt
601 2157 674 2235 post
698 2158 835 2214 mortem
857 2150 960 2214 eiecta
983 2149 1103 2213 moveri

235 2254 406 2337 propterea
427 2252 503 2337 quia
526 2275 590 2316 non
612 2252 711 2323 simili
733 2252 858 2318 ratione
881 2262 1042 2318 tenentur.

234 2377 348 2441 corpus
370 2356 457 2421 enim
480 2364 578 2442 atque
600 2357 747 2422 animans
769 2358 831 2422 erit
853 2380 916 2434 aer,
938 2357 966 2422 si
988 2355 1136 2422 cohibere

235 2481 303 2523 sese
325 2459 433 2524 anima
454 2469 552 2545 atque
575 2461 609 2524 in
632 2483 669 2524 eo
692 2460 811 2545 poterit
833 2460 1022 2524 concludere
1046 2467 1153 2523 motus

234 2586 314 2649 quos
336 2572 412 2628 ante
434 2564 469 2627 in
492 2565 598 2629 nervis
621 2573 655 2629 et
677 2565 711 2628 in
734 2565 804 2650 ipso
827 2587 955 2651 corpore
978 2564 1102 2649 agebat.

147 2682 209 2751 592
233 2668 312 2754 quin
335 2668 435 2732 etiam
458 2669 530 2732 finis
552 2669 631 2732 dum
654 2668 740 2732 vitae
763 2669 902 2733 vertitur
923 2669 1021 2755 intra,

233 2793 326 2856 saepe
349 2770 459 2855 aliqua
481 2780 590 2835 tamen
613 2793 630 2835 e
653 2793 750 2835 causa
771 2771 930 2836 labefacta
954 2772 1083 2836 videtur

235 2875 281 2938 ire
303 2875 412 2938 anima
434 2896 471 2937 ac
494 2882 563 2939 toto
586 2875 670 2938 solui
692 2874 733 2939 de
756 2897 885 2960 corpore
907 2876 985 2941 velle

151 2992 209 3060 595
235 2984 269 3041 et
292 2976 384 3062 quasi
407 2999 557 3061 supremo
580 2977 786 3064 languescere
810 2985 955 3063 tempore
978 2977 1086 3041 voltus

235 3079 407 3165 molliaque
430 3082 585 3166 exsangui
608 3089 717 3146 trunco
739 3082 851 3146 cadere
874 3081 983 3145 omnia
1004 3080 1155 3145 membra.
1295 3081 1358 3160 580

148 3311 209 3370 tabi,
224 3307 337 3358 whether
348 3307 393 3358 the
405 3309 471 3356 15555
483 3322 568 3356 comes
580 3311 607 3357 at
618 3322 681 3357 once
693 3322 722 3357 or
732 3322 807 3370 years
819 3308 897 3367 estem
915 3321 944 3356 so
955 3306 1014 3357 that
1026 3314 1108 3356 155555
1118 3307 1147 3354 in
1155 3320 1236 3368 pereo
1247 3312 1356 3369 tempore

148 3390 232 3441 would
243 3391 309 3441 have
321 3405 356 3440 no
368 3389 496 3452 meaning.
606 3389 1074 3441 55515551555151565155155515555
1110 3388 1356 3440 causabimur

147 3488 226 3522 55555.
333 3475 380 3525 557
393 3474 440 3522 558
451 3472 531 3524 Laoh.
546 3472 595 3522 has
606 3488 641 3522 no
653 3476 711 3535 stop
723 3473 789 3522 51155
800 3474 928 3530 adhaeret,
941 3471 993 3521 and
1004 3487 1020 3522 a
1031 3485 1133 3521 comma
1144 3471 1211 3520 after
1221 3473 1355 3535 Denique:

148 3556 196 3605 558
207 3553 295 3616 begins
307 3569 323 3604 a
337 3569 392 3604 new
403 3553 562 3617 paragraph3
581 3553 634 3604 and
648 3555 662 3603 I
677 3553 732 3602 find
747 3555 815 3603 from
830 3555 871 3604 his
887 3554 1059 3618 proofshccts
1075 3553 1134 3604 that
1149 3553 1182 3603 he
1198 3554 1297 3604 altered
1312 3554 1357 3605 the

147 3637 223 3686 usual
233 3635 405 3700 punctuation
417 3636 479 3697 only
490 3635 517 3684 in
529 3636 571 3684 his
584 3636 647 3685 final
659 3636 748 3685 revise.
870 3636 917 3685 564
929 3639 981 3699 ipse
994 3638 1078 3686 oculus
1089 3635 1158 3685 Flor.
1174 3636 1204 3683 31
1218 3635 1285 3684 Mar.
1299 3636 1357 3701 (not

147 3718 218 3769 Nico.
236 3718 324 3769 Gamo.
342 3717 411 3768 Brix.
431 3718 487 3767 Ver.
506 3733 535 3767 or
552 3719 627 3783 Ven.)
645 3719 685 3768 for
702 3721 786 3768 oculus
804 3721 863 3782 ipae.
1009 3719 1056 3768 566
1069 3733 1117 3782 per
1133 3716 1215 3766 added
1231 3717 1264 3780 by
1282 3717 1356 3768 Nico.

147 3803 245 3851 mixtim
256 3799 325 3850 Nico.
339 3800 395 3865 (not
406 3801 474 3851 Flor.
490 3802 530 3866 31)
544 3801 633 3851 (lamb.
646 3802 717 3851 Mon.
729 3800 801 3850 Brix.
814 3801 872 3851 Ver.
883 3800 948 3851 Ven.
963 3801 1003 3850 ior
1014 3803 1097 3850 mixti.
1197 3799 1245 3851 571
1260 3801 1356 3850 treveri

145 3880 234 3931 Lamb.
246 3881 399 3942 1555555555,
416 3880 613 3930 ‘inscitissime’
626 3896 684 3944 says
695 3881 783 3932 Wak:
801 3883 953 3931 5555551551
965 3884 992 3931 to
1003 3894 1030 3930 vr
1041 3881 1098 3933 595.
1235 3880 1284 3931 573
1297 3883 1355 3930 eai-

145 3979 215 4012 maua
227 3966 276 4012 erit
286 3962 378 4013 Lamb.
390 3963 430 4012 155
441 3967 551 4013 animem
561 3966 630 4015 serit.
759 3964 807 4015 574
818 3979 846 4012 eo
857 3963 940 4012 Faber
951 3964 991 4012 105
1000 3978 1056 4013 eos:
1074 3960 1198 4012 55551515
1209 3962 1354 4014 correction

146 4044 242 4108 rightly
253 4044 380 4096 admitted
390 4046 424 4109 by
434 4046 519 4096 Bentl.
534 4046 586 4096 and
598 4045 700 4097 Greeoh.
736 4046 816 4096 Laoh.
829 4050 933 4108 strange
948 4049 976 4095 to
991 4060 1037 4108 say
1051 4044 1100 4094 has
1114 4043 1248 4107 neglected
1261 4044 1285 4094 it
1301 4044 1355 4095 and

145 4125 259 4176 received
270 4126 373 4177 instead
383 4121 546 4176 Wakefield’s
558 4128 704 4190 conjecture
714 4129 747 4176 In
758 4142 783 4175 ee
795 4129 905 4176 enimam
916 4128 956 4176 lor
968 4129 1025 4176 Sese
1036 4129 1130 4178 anime.
1222 4126 1355 4179 576-590

147 4207 296 4272 (tta-ooo)
313 4207 401 4256 christ
417 4211 515 4269 quaest.
535 4208 610 4256 Lucr.
628 4223 654 4270 p.
673 4209 703 4258 19
720 4206 768 4256 has
785 4206 885 4270 acutely
901 4221 961 4255 seen
976 4206 1034 4256 that
1049 4205 1122 4255 these
1136 4220 1190 4255 vss.
1205 4220 1250 4256 are
1265 4207 1358 4259 05101

145 4290 235 4351 place:
252 4289 285 4338 he
297 4292 359 4353 puts
370 4289 443 4340 them
454 4290 520 4339 after
532 4292 579 4343 579
592 4289 675 4355 (59415
693 4291 707 4339 1
717 4293 765 4353 put
778 4289 848 4340 them
860 4290 926 4339 51155
937 4289 999 4341 5755
1018 4303 1058 4338 see
1070 4291 1144 4338 notes
1156 4291 1180 4339 2.
1303 4291 1353 4342 578

146 4375 175 4422 de
191 4387 288 4434 corpore
303 4373 366 4422 uelle
381 4370 460 4424 Lech.
478 4371 581 4434 acutoly
597 4371 637 4420 ior
652 4373 680 4420 de
695 4387 794 4435 corpore
809 4373 893 4421 omnio
907 4373 1014 4421 membre
1028 4369 1113 4420 which
1127 4369 1177 4420 has
1193 4384 1265 4421 coms
1283 4370 1355 4422 from

1144 4615 1156 4653 1
