2834 4792
727 232 764 298 II

231 402 288 467 icti
310 403 468 469 reiectant
489 426 582 469 voces
604 404 645 468 ad
668 403 773 468 sidera
795 403 908 468 mundi

231 514 265 570 et
287 507 546 573 circumvolitant
568 509 695 594 equites
717 508 904 594 mediosque
927 519 1061 594 repente

231 608 422 674 tramittunt
444 611 550 676 valido
573 612 757 697 quatientes
779 611 901 697 impete
924 634 1060 698 campos.
1135 663 1141 676 .

231 720 266 775 et
288 720 398 777 tamen
421 723 470 779 est
492 713 624 799 quidam
647 714 734 779 locus
755 714 831 780 altis
852 715 1019 780 montibus
1040 717 1122 782 aride

232 822 317 879 stare
339 815 492 882 videntur
513 826 547 883 et
569 819 604 882 in
626 819 747 904 campis
770 818 943 883 consistere
966 819 1078 906 fulgor.

276 919 373 984 Nunc
395 943 455 1007 age
477 921 542 986 iam
565 922 716 1006 deinceps
737 930 928 986 cunctarum
950 923 1081 988 exordia
1102 946 1210 989 rerum

231 1024 341 1108 qualia
361 1026 428 1090 sint
450 1035 484 1091 et
507 1048 605 1112 quam
627 1027 721 1113 longe
744 1026 901 1092 distantia
924 1028 1034 1093 formis

233 1128 370 1214 percipe,
393 1129 581 1216 multigenis
604 1152 703 1215 quam
724 1129 791 1194 sint
813 1130 937 1194 variata
959 1131 1089 1217 figuris;

232 1252 297 1294 non
319 1252 384 1316 quo
406 1232 511 1297 multe
532 1254 646 1318 parum
669 1232 768 1296 simili
790 1232 856 1298 sint
879 1233 1027 1320 praedita
1050 1236 1158 1311 forma,

233 1332 289 1396 sed
312 1333 389 1418 quia
411 1356 475 1398 non
497 1335 591 1421 volgo
613 1335 703 1420 paria
725 1335 874 1400 omnibus
895 1337 1004 1401 omnia
1025 1346 1182 1402 constent.

232 1453 292 1496 nec
314 1433 451 1511 mirum;
479 1456 555 1498 nam
578 1456 652 1498 cum
675 1434 718 1498 sit
741 1456 852 1499 eorum
874 1435 966 1521 copia
987 1445 1082 1501 tenta

235 1547 272 1599 ut
295 1558 400 1621 neque
422 1536 505 1614 finis,
527 1538 577 1602 uti
600 1537 703 1613 docui,
725 1560 830 1624 neque
853 1560 980 1603 summa
1002 1540 1045 1604 sit
1068 1539 1142 1617 ulla,

234 1639 354 1705 debent
376 1641 530 1706 nimirum
553 1664 617 1706 non
640 1641 790 1707 omnibus
813 1643 921 1707 omnia
943 1665 1089 1728 prorsum

235 1766 303 1809 ease
325 1744 396 1829 pari
417 1746 472 1810 filo
494 1746 655 1832 similique
678 1747 806 1811 adfecta
828 1747 938 1834 figura

235 1857 437 1933 praetereat
459 1873 562 1937 genus
584 1850 764 1915 humanum
787 1860 961 1937 mutaeque
984 1860 1134 1917 natantes

234 1953 474 2040 squamigerum
497 1954 636 2040 pecudes
658 1962 692 2019 et
715 1954 801 2019 laeta
823 1964 970 2020 armenta
993 1956 1141 2041 feraeque

235 2064 269 2120 et
291 2057 398 2122 variae
421 2058 573 2134 volucres,
595 2058 751 2123 laetantia
773 2081 856 2144 quae
879 2059 948 2123 loca
969 2081 1127 2144 aquarum

236 2160 460 2225 concelebrant
482 2161 603 2225 circum
627 2161 714 2246 ripas
736 2161 899 2246 fontisque
922 2162 1082 2247 lacusque,

235 2271 269 2326 et
291 2284 373 2348 quae
396 2264 586 2351 pervolgant
608 2287 740 2329 nemora
762 2265 835 2329 avia
858 2265 1106 2349 pervolitantes3

237 2388 373 2450 quorum
396 2389 498 2432 unum
522 2368 651 2454 quidvis
671 2369 852 2455 generatim
876 2391 1003 2434 sumere
1026 2392 1132 2456 perge,

236 2469 382 2534 invenies
404 2479 514 2536 tamen
537 2472 623 2536 inter
644 2494 678 2536 se
700 2472 827 2537 differre
850 2472 970 2559 figuris.

236 2597 296 2640 nec
317 2575 442 2640 ratione
464 2576 528 2641 alia
550 2576 654 2661 proles
676 2598 864 2662 cognoscere
887 2584 1025 2640 matrem

237 2698 296 2741 nec
318 2685 422 2740 mater
444 2687 552 2762 posset
574 2677 714 2764 prolem;
744 2678 829 2763 quod
852 2699 943 2764 posse
968 2678 1115 2742 videmus

237 2801 296 2844 nec
318 2780 426 2844 minus
448 2791 546 2866 atque
570 2781 714 2846 homines
736 2781 823 2846 inter
844 2804 878 2846 se
901 2790 979 2845 nota
1001 2781 1114 2845 cluere.

237 2904 313 2946 nem
336 2904 430 2967 saepe
453 2893 529 2948 ante
552 2885 649 2949 deum
672 2885 794 2949 vitulus
817 2884 952 2949 delubra
974 2884 1088 2949 decora

238 2983 426 3050 turicremas
449 2995 579 3072 propter
602 2996 762 3052 mactatus
785 2986 924 3051 concidit
946 3009 1018 3050 aras

238 3087 404 3174 sanguinis
427 3089 575 3174 expirans
598 3090 738 3155 calidum
761 3090 801 3154 de
824 3099 952 3174 pectore
975 3090 1116 3168 flumen;

237 3199 272 3255 at
295 3200 399 3256 mater
423 3192 534 3256 viridis
556 3193 658 3257 saltus
680 3193 793 3258 orbata
814 3214 987 3279 peragrans

238 3295 342 3359 noscit
365 3294 457 3359 humi
479 3296 615 3380 pedibus
639 3296 776 3381 vestigia
798 3318 907 3381 pressa
929 3294 1070 3371 bisulcis,

239 3399 346 3465 omnia
369 3401 537 3465 convisens
559 3401 659 3465 oculis
682 3401 750 3465 loca
772 3422 799 3464 sr
822 3410 921 3485 queat
944 3420 1081 3484 usquam

185 3651 429 3713 taceanturque,
445 3652 619 3701 committunt
629 3650 660 3698 Β.
780 3650 827 3698 331
838 3650 904 3698 unde
916 3647 999 3698 added
1009 3647 1043 3710 by
1052 3645 1123 3696 Nico.
1243 3649 1292 3700 337
1304 3665 1359 3699 coa·
1375 3716 1378 3723 Ι

152 3741 221 3784 stent
232 3733 304 3784 Nico.
315 3733 385 3782 Flor.
397 3734 428 3782 31
440 3731 529 3782 (lamb.
542 3732 609 3794 vulg.
623 3730 715 3782 hamb.
727 3730 767 3780 for
778 3737 891 3780 emutat:
909 3729 957 3781 694
968 3735 1083 3778 constant
1093 3727 1115 3776 B
1126 3727 1196 3778 Nico.
1211 3728 1253 3793 (3),
1265 3727 1356 3782 Oamb.

153 3815 233 3878 vulga
251 3816 422 3866 vescentem
437 3813 482 3862 AB
497 3813 578 3876 vulga
596 3812 626 3861 in
640 3812 677 3862 all
691 3811 763 3862 three
778 3811 863 3875 places
879 3817 990 3860 cautent
1004 3808 1084 3859 Lech.
1091 3826 1100 3870 ;
1116 3808 1164 3858 but
1178 3808 1192 3858 I
1205 3808 1304 3861 believe
1316 3810 1360 3862 the

153 3895 232 3946 indic.
248 3898 276 3945 to
290 3894 322 3945 be
337 3893 415 3957 right,
431 3893 484 3944 end
499 3893 543 3944 the
559 3893 625 3956 eubj.
642 3895 669 3943 to
685 3891 751 3942 have
766 3906 839 3941 come
854 3891 920 3941 from
936 3890 980 3940 the
995 3889 1113 3952 adjacent
1124 3889 1213 3939 verbe:
1231 3903 1274 3940 see
1284 3894 1359 3942 notes

154 3978 178 4027 2.
288 3972 566 4025 scarraererearnd.
580 3973 757 4022 forPraetere.
791 3973 928 4022 Praetereo
939 3969 1039 4021 Nonius
1050 3985 1076 4032 p.
1088 3970 1145 4019 158.
1178 3970 1361 4022 Praestotrem

153 4057 202 4109 Ed
223 4057 353 4120 formerly.
385 4057 539 4106 Parturiunr
558 4055 637 4106 Lech.
656 4054 770 4105 whichI
790 4054 864 4105 don’t
884 4053 1050 4104 understand.
1083 4053 1219 4102 Praeterea
1238 4051 1291 4102 and
1313 4055 1360 4104 347

154 4138 302 4189 Herumfor
314 4136 509 4200 Quor-romunt.
521 4137 614 4199 vulgo:
631 4135 755 4186 notMar.
885 4135 932 4183 343
944 4140 1058 4184 arrunte
1069 4130 1361 4183 BentlendTonson’e

154 4219 253 4271 edition
265 4221 305 4269 tor
315 4221 427 4270 arberte.
526 4220 574 4270 347
585 4219 687 4282 quidvis
698 4211 779 4268 Each.
791 4217 832 4267 for
844 4219 958 4280 quodvis,
971 4214 1107 4267 es1v126.
1212 4214 1260 4264 356
1271 4215 1362 4266 Nescit

153 4299 234 4352 Lech
248 4299 288 4350 for
298 4299 525 4364 quuithFlor.
538 4300 569 4349 31
581 4298 670 4350 (lamb.
682 4302 730 4348 eto.
758 4297 970 4360 NoaqoidNico.
1000 4297 1108 4360 Oieqoir
1118 4295 1151 4354 B,
1161 4295 1275 4357 (linquid
1286 4295 1359 4346 Gott.

154 4381 296 4446 LinquitB
308 4395 374 4432 corr.
385 4381 451 4433 Mar.
463 4380 521 4432 Ald.
538 4382 552 4430 1
568 4382 642 4432 Junt.
652 4381 737 4444 vulgo,
750 4379 860 4431 without
876 4394 958 4430 sense.
991 4380 1069 4429 Novit
1083 4378 1198 4441 Brieger:
1214 4376 1263 4427 but
1277 4377 1355 4430 huot.
