2804 4786
741 220 777 284 II

243 380 423 466 muralique
445 390 544 466 caput
567 401 731 444 summum
753 378 881 444 cinxere
903 400 1027 455 corona,

244 484 371 550 eximiis
394 484 522 549 munita
544 484 620 548 locis
642 483 719 569 quia
740 482 882 548 sustinet
905 483 1014 562 urbes;

243 611 306 674 quo
328 610 414 653 nuuc
436 587 556 675 insigni
578 609 635 672 per
657 585 790 673 magnas
812 586 960 672 praedita
981 596 1085 653 terras

243 692 388 756 horrifice
411 691 513 756 fertur
534 691 663 756 divinae
686 689 799 756 matris
821 691 937 778 imago.

243 795 326 858 hanc
349 794 455 858 variae
476 803 592 880 gentes
613 792 748 879 antiquo
771 815 858 858 more
880 815 1043 858 sacrorum

241 898 373 963 Idaeam
397 896 540 961 vocitant
563 907 700 961 matrem
723 896 943 983 Phrygiasque
965 906 1112 962 catervas

241 1001 321 1065 dant
343 998 485 1074 comites,
507 999 584 1084 quia
605 999 747 1085 primum
770 1021 809 1063 ex
832 998 896 1063 illis
918 998 1039 1065 finibus
1062 1000 1169 1065 edunt

240 1128 298 1190 per
319 1113 477 1169 terrarum
500 1103 610 1167 orbem
632 1104 741 1189 fruges
761 1103 903 1188 coepisse
925 1104 1033 1168 creari

241 1209 343 1294 gallos
365 1207 561 1283 attribuunt,
583 1207 667 1292 quia,
690 1229 812 1271 numen
834 1207 892 1292 qui
913 1207 1066 1272 violarint

241 1311 356 1376 matris
378 1322 412 1375 et
434 1310 556 1397 ingrati
577 1310 778 1396 genitoribus
801 1311 929 1376 inventi
951 1310 1028 1388 sint,

240 1413 421 1500 significare
444 1414 558 1478 volunt
580 1413 729 1499 indignos
752 1436 820 1478 esse
843 1415 1012 1498 putandos,

241 1518 347 1581 vivam
371 1516 558 1603 progeniem
580 1515 637 1601 qui
659 1516 693 1580 in
716 1538 787 1580 oras
809 1516 942 1581 luminis
964 1516 1071 1582 edant.

242 1630 397 1707 tympana
419 1628 512 1685 tenta
534 1629 651 1684 tonant
673 1619 789 1706 palmis
811 1629 846 1685 et
868 1619 1015 1704 cymbala
1037 1620 1160 1686 circum

241 1746 387 1799 concava,
409 1723 639 1809 raucisonoque
661 1722 827 1787 minantur
848 1746 967 1788 cornua
989 1732 1097 1801 cantu,

240 1838 273 1891 et
296 1826 436 1912 Phrygio
458 1825 606 1890 stimulat
628 1849 763 1890 numero
784 1847 863 1890 cava
885 1825 969 1891 tibia
990 1825 1121 1904 mentis,

240 1930 370 2014 telaque
393 1937 602 2014 praeportant
625 1928 761 1993 violenti
783 1929 876 2014 signa
898 1928 1022 2006 furoris,

239 2032 382 2118 ingratos
404 2029 528 2093 animos
550 2038 648 2114 atque
670 2030 772 2115 impia
793 2038 924 2115 pectora
946 2030 1032 2117 volgi

240 2142 420 2199 conterrere
443 2140 534 2196 metu
556 2154 639 2217 quae
662 2132 787 2217 possint
809 2132 945 2197 numini'
967 2132 1069 2198 divae.

238 2258 313 2323 ergo
336 2258 409 2300 cum
432 2234 573 2320 primum
596 2257 730 2320 magnas
752 2235 881 2301 invecta
901 2257 959 2320 per
980 2235 1070 2300 urbis

239 2341 407 2406 munificat
430 2338 529 2404 tacita
552 2340 695 2403 mortalis
717 2349 810 2404 muta
831 2339 945 2415 salute,

239 2468 311 2509 aere
334 2453 433 2528 atque
456 2452 590 2528 argento
613 2452 763 2508 sternunt
786 2444 850 2508 iter
871 2465 966 2508 omne
989 2443 1116 2508 viarum

239 2549 381 2635 largifica
403 2547 488 2633 stipe
511 2547 654 2612 ditantes
676 2546 883 2633 ninguntque
905 2570 1050 2613 rosarum

238 2653 370 2717 floribus
392 2653 581 2717 umbrantes
603 2662 741 2716 matrem
763 2652 984 2738 comitumque
1006 2662 1160 2720 catervas.

239 2755 291 2820 hic
313 2765 438 2821 armata
460 2778 584 2832 manus,
607 2755 745 2820 Curetas
766 2755 896 2821 nomine
919 2756 998 2821 Grai

237 2882 317 2945 quos
339 2869 519 2925 memorant
541 2860 705 2945 Phrygios,
727 2860 814 2925 inter
835 2883 868 2926 se
892 2862 973 2926 forte
995 2862 1079 2947 qaod
1100 2864 1206 2930 armis
1297 2871 1362 2950 630

239 2964 357 3028 ludunt
380 2965 413 3028 in
437 2986 672 3049 numerumque
696 2965 845 3029 exultant
868 2965 1109 3051 sanguinolenti

239 3069 394 3133 terrificas
417 3069 561 3154 capitum
585 3069 771 3154 quatientes
793 3068 927 3134 numine
949 3070 1072 3147 oristas,

152 3299 192 3348 for
209 3300 287 3347 orbes.
376 3298 423 3347 615
440 3299 534 3347 Matrls
552 3298 621 3346 Flor.
641 3300 671 3346 31
690 3296 779 3349 (lamb.
798 3299 838 3348 lor
853 3301 942 3350 Matri.
978 3302 1031 3350 sint
1046 3299 1139 3350 Iaumb.
1154 3301 1211 3353 first
1228 3302 1270 3353 lor
1284 3313 1356 3355 suut:

151 3381 229 3430 bach.
246 3394 305 3442 says
320 3378 447 3442 nothing;
466 3379 512 3428 but
527 3379 576 3429 Ed.
595 3394 624 3429 as
639 3380 696 3429 well
714 3394 743 3429 as
760 3379 853 3430 Hoins.
870 3395 918 3432 ms.
939 3385 1014 3431 notes
1031 3382 1084 3432 and
1103 3382 1200 3433 Goebel
1218 3384 1270 3436 Rh.
1287 3388 1352 3438 Mus.

152 3478 178 3514 n.
192 3463 211 3511 f.
223 3477 256 3511 xv
268 3477 293 3524 p.
306 3462 354 3510 414
369 3461 450 3511 found
465 3464 562 3511 inventi
577 3470 636 3511 aunt
651 3461 679 3511 in
690 3462 743 3512 AB.
778 3464 830 3512 sint
846 3465 944 3513 inventi
957 3462 1052 3514 Lech:
1070 3463 1083 3512 1
1097 3464 1180 3527 prefer
1191 3465 1238 3516 the
1248 3467 1361 3530 rhythm

152 3547 179 3595 ol
201 3545 246 3594 the
263 3559 311 3595 ms.
332 3543 413 3593 order.
513 3544 560 3593 623
577 3546 781 3595 nutu...numiui‘
805 3547 879 3594 disice
896 3544 976 3595 Lach.
1000 3549 1027 3595 at
1043 3544 1089 3595 the
1104 3547 1253 3609 suggestion
1271 3550 1301 3600 ol
1321 3565 1362 3601 an

153 3628 267 3678 ‘amicus
283 3626 403 3688 quidam’
420 3627 449 3675 of
462 3626 570 3676 Haverc.
590 3626 629 3675 for
643 3630 841 3676 uteru...uumine
858 3629 938 3676 ulliae.
1040 3627 1089 3677 626
1103 3629 1153 3677 iter
1168 3644 1239 3680 omne
1255 3633 1379 3682 vientur.

153 3710 288 3759 Turnebus
304 3708 357 3757 Gif.
373 3708 464 3758 Lamb.
476 3707 515 3759 ed.
533 3709 549 3755 2
565 3708 618 3757 and
633 3710 657 3766 3,
669 3707 736 3770 vulg.
752 3708 841 3757 sorite
856 3710 940 3758 omnia
950 3711 1044 3758 viriam:
1062 3723 1078 3758 a
1092 3707 1191 3759 certain
1202 3712 1377 3764 correction-

147 3786 188 3841 'ite
204 3793 287 3840 munia
302 3793 393 3839 mirum
408 3789 477 3839 Nico.
498 3803 570 3839 some
585 3789 644 3840 Vnt.
658 3788 710 3838 and
723 3789 766 3839 old
778 3789 829 3840 eds.
865 3792 922 3847 iter,
939 3792 1023 3839 omnia
1033 3791 1128 3840 circum
1137 3789 1206 3841 Flor.
1222 3792 1253 3841 31
1265 3793 1347 3845 Oamb

152 3888 222 3922 some
233 3872 292 3922 Vat.
304 3872 380 3922 Pont.
396 3873 461 3924 Mar.
476 3873 549 3922 Junt.
568 3871 658 3922 hamb.
670 3872 710 3922 ed.
723 3875 746 3921 1.
846 3873 894 3923 630
911 3875 977 3935 quod
987 3875 1064 3922 armis
1075 3887 1091 3922 a
1102 3873 1200 3922 certain
1211 3875 1370 3926 conconc-

152 3956 181 4004 οἱ
194 3954 293 4006 Lech:
310 3953 355 4005 the
373 3957 493 4004 sentence
510 3953 640 4016 requiring
655 3953 700 4004 the
715 3953 884 4016 conjunction
901 3956 968 4017 quod
983 3970 1012 4004 or
1029 3958 1099 4018 quic,
1115 3953 1160 4005 the
1176 3969 1252 4006 sense
1266 3960 1346 4008 annis
1358 3989 1396 4004 0

151 4045 266 4088 cateruas
278 4038 305 4088 of
321 4052 384 4087 mss.
396 4035 418 4086 is
429 4051 445 4086 a
456 4051 525 4086 mere
536 4035 645 4086 blunder
656 4036 683 4086 ol
698 4036 742 4087 the
754 4037 835 4086 scribe
846 4036 904 4087 who
914 4037 963 4087 has
974 4037 1051 4087 taken
1062 4036 1084 4086 it
1095 4036 1163 4087 from
1173 4037 1239 4089 ote:
1255 4052 1273 4088 a
1287 4039 1315 4089 lo
1334 4058 1374 4081 ⁴-

152 4119 180 4169 ol
195 4135 265 4169 error
279 4133 401 4169 common
416 4117 444 4168 in
460 4133 508 4168 our
523 4132 601 4167 mss:
619 4133 703 4180 comp.
719 4120 993 4171 4221555v115eto.
1026 4129 1128 4170 caunos
1140 4120 1169 4170 of
1182 4121 1204 4170 B
1216 4121 1239 4172 is
1250 4123 1328 4186 again
1338 4132 1400 4174 β

151 4217 220 4253 mere
231 4201 386 4264 miswriting
397 4202 426 4251 of
434 4209 558 4261 commas,
569 4200 670 4264 though
681 4200 702 4251 it
713 4201 761 4251 has
773 4202 891 4253 deceived
902 4218 990 4266 many.
1023 4204 1124 4253 elwreos
1136 4203 1212 4253 Pont.

186 4286 232 4334 631
250 4285 437 4345 sauguimleuti
453 4283 541 4333 Bentl.
558 4283 599 4332 for
615 4287 736 4345 sanquine
747 4285 816 4347 fleti.
865 4287 988 4347 sanguine
1000 4287 1066 4349 freti
1082 4284 1154 4335 Nico.
1171 4285 1225 4336 and
1241 4286 1285 4338 old
1301 4285 1382 4339 eds·

150 4366 272 4426 sanguine
284 4366 345 4413 loeti
358 4364 521 4416 Pontlunt.
536 4364 629 4415 Lamb.
706 4364 873 4415 632numiue.
906 4367 1010 4415 numine
1022 4359 1374 4419 tcoh.wh0m110110vcd
