<?xml version="1.0" encoding="UTF-8"?>
<!DOCTYPE html PUBLIC "-//W3C//DTD XHTML 1.0 Transitional//EN"
    "http://www.w3.org/TR/xhtml1/DTD/xhtml1-transitional.dtd">
<html xmlns="http://www.w3.org/1999/xhtml" xml:lang="en" lang="en">
 <head>
  <title>
</title>
<meta http-equiv="Content-Type" content="text/html;charset=utf-8" />
  <meta name='ocr-system' content='tesseract 3.04.00' />
  <meta name='ocr-capabilities' content='ocr_page ocr_carea ocr_par ocr_line ocrx_word'/>
</head>
<body>
  <div class='ocr_page' id='page_1' title='image "./tlucreticarider02duffgoog_0102.png"; bbox 0 0 2834 4792; ppageno 0'>
   <div class='ocr_carea' id='block_1_1' title="bbox 152 376 1279 2735">
    <p class='ocr_par' dir='ltr' id='par_1_1' title="bbox 152 376 937 464">
     <span class='ocr_line' id='line_1_1' title="bbox 152 376 937 464; baseline 0.005 -24"><span class='ocrx_word' id='word_1_1' title='bbox 152 376 342 463; x_wconf 86' lang='lat' dir='ltr'>significant</span> <span class='ocrx_word' id='word_1_2' title='bbox 364 377 580 442; x_wconf 86' lang='lat' dir='ltr'>clandestinos</span> <span class='ocrx_word' id='word_1_3' title='bbox 602 399 774 464; x_wconf 87' lang='lat' dir='ltr'>caecosque</span> <span class='ocrx_word' id='word_1_4' title='bbox 796 378 937 445; x_wconf 81' lang='lat' dir='ltr'>subesse.</span> 
     </span>
    </p>

    <p class='ocr_par' dir='ltr' id='par_1_2' title="bbox 153 479 983 567">
     <span class='ocr_line' id='line_1_2' title="bbox 153 479 983 567; baseline 0.005 -25"><span class='ocrx_word' id='word_1_5' title='bbox 153 479 262 544; x_wconf 82' lang='lat' dir='ltr'>multa</span> <span class='ocrx_word' id='word_1_6' title='bbox 283 479 407 544; x_wconf 90' lang='lat' dir='ltr'>videbis</span> <span class='ocrx_word' id='word_1_7' title='bbox 430 479 517 545; x_wconf 92' lang='lat' dir='ltr'>enim</span> <span class='ocrx_word' id='word_1_8' title='bbox 539 480 644 567; x_wconf 85' lang='lat' dir='ltr'>plagis</span> <span class='ocrx_word' id='word_1_9' title='bbox 666 480 712 545; x_wconf 90' lang='lat' dir='ltr'>ibi</span> <span class='ocrx_word' id='word_1_10' title='bbox 734 482 858 567; x_wconf 87' lang='lat' dir='ltr'>percita</span> <span class='ocrx_word' id='word_1_11' title='bbox 880 482 983 547; x_wconf 87' lang='lat' dir='ltr'>caecis</span> 
     </span>
    </p>

    <p class='ocr_par' dir='ltr' id='par_1_3' title="bbox 153 582 927 669">
     <span class='ocr_line' id='line_1_3' title="bbox 153 582 927 669; baseline 0.003 -23"><span class='ocrx_word' id='word_1_12' title='bbox 153 589 354 647; x_wconf 87' lang='lat' dir='ltr'>commutare</span> <span class='ocrx_word' id='word_1_13' title='bbox 376 582 463 646; x_wconf 91' lang='lat' dir='ltr'>viam</span> <span class='ocrx_word' id='word_1_14' title='bbox 485 592 635 669; x_wconf 88' lang='lat' dir='ltr'>retroque</span> <span class='ocrx_word' id='word_1_15' title='bbox 656 584 786 668; x_wconf 88' lang='lat' dir='ltr'>repulsa</span> <span class='ocrx_word' id='word_1_16' title='bbox 807 585 927 650; x_wconf 90' lang='lat' dir='ltr'>reverti</span> 
     </span>
    </p>

    <p class='ocr_par' dir='ltr' id='par_1_4' title="bbox 155 686 1047 774">
     <span class='ocr_line' id='line_1_4' title="bbox 155 686 1047 774; baseline 0.006 -25"><span class='ocrx_word' id='word_1_17' title='bbox 155 708 241 750; x_wconf 92' lang='lat' dir='ltr'>nunc</span> <span class='ocrx_word' id='word_1_18' title='bbox 265 686 329 752; x_wconf 92' lang='lat' dir='ltr'>huc</span> <span class='ocrx_word' id='word_1_19' title='bbox 350 709 437 752; x_wconf 91' lang='lat' dir='ltr'>nunc</span> <span class='ocrx_word' id='word_1_20' title='bbox 458 687 536 752; x_wconf 92' lang='lat' dir='ltr'>illuc</span> <span class='ocrx_word' id='word_1_21' title='bbox 557 687 593 751; x_wconf 92' lang='lat' dir='ltr'>in</span> <span class='ocrx_word' id='word_1_22' title='bbox 615 696 748 752; x_wconf 87' lang='lat' dir='ltr'>cunctas</span> <span class='ocrx_word' id='word_1_23' title='bbox 770 687 914 774; x_wconf 92' lang='lat' dir='ltr'>undique</span> <span class='ocrx_word' id='word_1_24' title='bbox 937 688 1047 774; x_wconf 80' lang='lat' dir='ltr'>partis.</span> 
     </span>
    </p>

    <p class='ocr_par' dir='ltr' id='par_1_5' title="bbox 155 789 943 876">
     <span class='ocr_line' id='line_1_5' title="bbox 155 789 943 876; baseline 0.004 -24"><span class='ocrx_word' id='word_1_25' title='bbox 155 789 278 853; x_wconf 88' lang='lat' dir='ltr'>scilicet</span> <span class='ocrx_word' id='word_1_26' title='bbox 300 789 353 853; x_wconf 93' lang='lat' dir='ltr'>hic</span> <span class='ocrx_word' id='word_1_27' title='bbox 374 812 394 853; x_wconf 86' lang='lat' dir='ltr'>a</span> <span class='ocrx_word' id='word_1_28' title='bbox 415 789 582 876; x_wconf 81' lang='lat' dir='ltr'>principiis</span> <span class='ocrx_word' id='word_1_29' title='bbox 604 799 655 855; x_wconf 88' lang='lat' dir='ltr'>est</span> <span class='ocrx_word' id='word_1_30' title='bbox 676 789 827 855; x_wconf 91' lang='lat' dir='ltr'>omnibus</span> <span class='ocrx_word' id='word_1_31' title='bbox 850 813 943 855; x_wconf 89' lang='lat' dir='ltr'>error.</span> 
     </span>
    </p>

    <p class='ocr_par' dir='ltr' id='par_1_6' title="bbox 156 879 1046 978">
     <span class='ocr_line' id='line_1_6' title="bbox 156 879 1046 978; baseline 0.003 -23"><span class='ocrx_word' id='word_1_32' title='bbox 156 892 261 976; x_wconf 91' lang='lat' dir='ltr'>prima</span> <span class='ocrx_word' id='word_1_33' title='bbox 283 900 455 957; x_wconf 90' lang='lat' dir='ltr'>moventur</span> <span class='ocrx_word' id='word_1_34' title='bbox 476 893 564 958; x_wconf 92' lang='lat' dir='ltr'>enim</span> <span class='ocrx_word' id='word_1_35' title='bbox 586 914 644 978; x_wconf 89' lang='lat' dir='ltr'>per</span> <span class='ocrx_word' id='word_1_36' title='bbox 666 915 700 958; x_wconf 87' lang='lat' dir='ltr'>se</span> <span class='ocrx_word' id='word_1_37' title='bbox 722 892 898 978; x_wconf 88' lang='lat' dir='ltr'>primordia</span> <span class='ocrx_word' id='word_1_38' title='bbox 919 879 1046 973; x_wconf 81' lang='lat' dir='ltr'>reruni;</span> 
     </span>
    </p>

    <p class='ocr_par' dir='ltr' id='par_1_7' title="bbox 156 995 963 1082">
     <span class='ocr_line' id='line_1_7' title="bbox 156 995 963 1082; baseline 0.007 -24"><span class='ocrx_word' id='word_1_39' title='bbox 156 995 231 1060; x_wconf 90' lang='lat' dir='ltr'>inde</span> <span class='ocrx_word' id='word_1_40' title='bbox 254 1018 397 1081; x_wconf 87' lang='lat' dir='ltr'>eaquae</span> <span class='ocrx_word' id='word_1_41' title='bbox 419 1018 518 1082; x_wconf 89' lang='lat' dir='ltr'>parvo</span> <span class='ocrx_word' id='word_1_42' title='bbox 539 1005 617 1062; x_wconf 87' lang='lat' dir='ltr'>sunt</span> <span class='ocrx_word' id='word_1_43' title='bbox 638 1019 769 1082; x_wconf 88' lang='lat' dir='ltr'>corpora</span> <span class='ocrx_word' id='word_1_44' title='bbox 791 998 963 1065; x_wconf 88' lang='lat' dir='ltr'>conciliatu</span> 
     </span>
    </p>

    <p class='ocr_par' dir='ltr' id='par_1_8' title="bbox 156 1099 995 1189">
     <span class='ocr_line' id='line_1_8' title="bbox 156 1099 995 1189; baseline 0.007 -27"><span class='ocrx_word' id='word_1_45' title='bbox 156 1106 190 1163; x_wconf 89' lang='lat' dir='ltr'>et</span> <span class='ocrx_word' id='word_1_46' title='bbox 212 1099 306 1184; x_wconf 86' lang='lat' dir='ltr'>quasi</span> <span class='ocrx_word' id='word_1_47' title='bbox 327 1100 472 1184; x_wconf 85' lang='lat' dir='ltr'>proxima</span> <span class='ocrx_word' id='word_1_48' title='bbox 493 1109 571 1166; x_wconf 89' lang='lat' dir='ltr'>sunt</span> <span class='ocrx_word' id='word_1_49' title='bbox 592 1101 634 1166; x_wconf 87' lang='lat' dir='ltr'>ad</span> <span class='ocrx_word' id='word_1_50' title='bbox 656 1101 733 1166; x_wconf 89' lang='lat' dir='ltr'>viris</span> <span class='ocrx_word' id='word_1_51' title='bbox 754 1102 995 1189; x_wconf 86' lang='lat' dir='ltr'>principiorum,</span> 
     </span>
    </p>

    <p class='ocr_par' dir='ltr' id='par_1_9' title="bbox 158 1201 862 1290">
     <span class='ocr_line' id='line_1_9' title="bbox 158 1201 862 1290; baseline 0.009 -25"><span class='ocrx_word' id='word_1_52' title='bbox 158 1201 279 1267; x_wconf 87' lang='lat' dir='ltr'>ictibus</span> <span class='ocrx_word' id='word_1_53' title='bbox 300 1201 429 1266; x_wconf 90' lang='lat' dir='ltr'>illorum</span> <span class='ocrx_word' id='word_1_54' title='bbox 451 1204 553 1268; x_wconf 85' lang='lat' dir='ltr'>caecis</span> <span class='ocrx_word' id='word_1_55' title='bbox 575 1204 704 1290; x_wconf 91' lang='lat' dir='ltr'>inpulsa</span> <span class='ocrx_word' id='word_1_56' title='bbox 726 1206 862 1282; x_wconf 81' lang='lat' dir='ltr'>cientur,</span> 
     </span>
    </p>

    <p class='ocr_par' dir='ltr' id='par_1_10' title="bbox 157 1305 918 1392">
     <span class='ocr_line' id='line_1_10' title="bbox 157 1305 918 1392; baseline 0.009 -24"><span class='ocrx_word' id='word_1_57' title='bbox 157 1305 292 1390; x_wconf 88' lang='lat' dir='ltr'>ipsaque</span> <span class='ocrx_word' id='word_1_58' title='bbox 314 1328 464 1391; x_wconf 91' lang='lat' dir='ltr'>proporro</span> <span class='ocrx_word' id='word_1_59' title='bbox 486 1307 582 1392; x_wconf 88' lang='lat' dir='ltr'>paulo</span> <span class='ocrx_word' id='word_1_60' title='bbox 604 1308 726 1372; x_wconf 87' lang='lat' dir='ltr'>maiora</span> <span class='ocrx_word' id='word_1_61' title='bbox 747 1309 918 1375; x_wconf 89' lang='lat' dir='ltr'>lacessunt.</span> 
     </span>
    </p>

    <p class='ocr_par' dir='ltr' id='par_1_11' title="bbox 158 1407 878 1495">
     <span class='ocr_line' id='line_1_11' title="bbox 158 1407 878 1495; baseline 0.008 -25"><span class='ocrx_word' id='word_1_62' title='bbox 158 1407 204 1471; x_wconf 91' lang='lat' dir='ltr'>sic</span> <span class='ocrx_word' id='word_1_63' title='bbox 226 1430 247 1472; x_wconf 90' lang='lat' dir='ltr'>a</span> <span class='ocrx_word' id='word_1_64' title='bbox 268 1407 434 1495; x_wconf 89' lang='lat' dir='ltr'>principiis</span> <span class='ocrx_word' id='word_1_65' title='bbox 456 1410 601 1475; x_wconf 85' lang='lat' dir='ltr'>ascendit</span> <span class='ocrx_word' id='word_1_66' title='bbox 623 1419 731 1476; x_wconf 91' lang='lat' dir='ltr'>motus</span> <span class='ocrx_word' id='word_1_67' title='bbox 753 1421 787 1477; x_wconf 86' lang='lat' dir='ltr'>et</span> <span class='ocrx_word' id='word_1_68' title='bbox 810 1412 878 1476; x_wconf 85' lang='lat' dir='ltr'>exit</span> 
     </span>
    </p>

    <p class='ocr_par' dir='ltr' id='par_1_12' title="bbox 157 1509 945 1594">
     <span class='ocr_line' id='line_1_12' title="bbox 157 1509 945 1594; baseline 0.01 -22"><span class='ocrx_word' id='word_1_69' title='bbox 157 1509 317 1594; x_wconf 87' lang='lat' dir='ltr'>paulatim</span> <span class='ocrx_word' id='word_1_70' title='bbox 338 1520 464 1577; x_wconf 88' lang='lat' dir='ltr'>nostros</span> <span class='ocrx_word' id='word_1_71' title='bbox 486 1513 527 1577; x_wconf 91' lang='lat' dir='ltr'>ad</span> <span class='ocrx_word' id='word_1_72' title='bbox 549 1535 670 1590; x_wconf 89' lang='lat' dir='ltr'>sensus,</span> <span class='ocrx_word' id='word_1_73' title='bbox 693 1523 731 1578; x_wconf 93' lang='lat' dir='ltr'>ut</span> <span class='ocrx_word' id='word_1_74' title='bbox 753 1524 945 1580; x_wconf 91' lang='lat' dir='ltr'>moveantur</span> 
     </span>
    </p>

    <p class='ocr_par' dir='ltr' id='par_1_13' title="bbox 157 1613 1276 1705">
     <span class='ocr_line' id='line_1_13' title="bbox 157 1613 1276 1705; baseline 0.01 -29"><span class='ocrx_word' id='word_1_75' title='bbox 157 1613 214 1677; x_wconf 91' lang='lat' dir='ltr'>illa</span> <span class='ocrx_word' id='word_1_76' title='bbox 237 1635 373 1699; x_wconf 88' lang='lat' dir='ltr'>quoque,</span> <span class='ocrx_word' id='word_1_77' title='bbox 395 1616 429 1679; x_wconf 90' lang='lat' dir='ltr'>in</span> <span class='ocrx_word' id='word_1_78' title='bbox 451 1616 526 1681; x_wconf 89' lang='lat' dir='ltr'>solis</span> <span class='ocrx_word' id='word_1_79' title='bbox 548 1639 631 1702; x_wconf 92' lang='lat' dir='ltr'>quae</span> <span class='ocrx_word' id='word_1_80' title='bbox 654 1617 776 1682; x_wconf 91' lang='lat' dir='ltr'>lumine</span> <span class='ocrx_word' id='word_1_81' title='bbox 798 1640 927 1684; x_wconf 90' lang='lat' dir='ltr'>cernere</span> <span class='ocrx_word' id='word_1_82' title='bbox 950 1619 1082 1705; x_wconf 87' lang='lat' dir='ltr'>quimus</span> <span class='ocrx_word' id='word_1_83' title='bbox 1216 1640 1276 1702; x_wconf 88' lang='lat'>140</span> 
     </span>
    </p>

    <p class='ocr_par' dir='ltr' id='par_1_14' title="bbox 158 1717 983 1907">
     <span class='ocr_line' id='line_1_14' title="bbox 158 1717 983 1807; baseline 0.008 -27"><span class='ocrx_word' id='word_1_84' title='bbox 158 1739 218 1780; x_wconf 92' lang='lat' dir='ltr'>nec</span> <span class='ocrx_word' id='word_1_85' title='bbox 241 1717 359 1802; x_wconf 85' lang='lat' dir='ltr'>quibus</span> <span class='ocrx_word' id='word_1_86' title='bbox 380 1719 415 1784; x_wconf 92' lang='lat' dir='ltr'>id</span> <span class='ocrx_word' id='word_1_87' title='bbox 437 1719 557 1784; x_wconf 70' lang='lat' dir='ltr'>facmnt</span> <span class='ocrx_word' id='word_1_88' title='bbox 579 1720 684 1807; x_wconf 88' lang='lat' dir='ltr'>plagis</span> <span class='ocrx_word' id='word_1_89' title='bbox 705 1731 840 1807; x_wconf 85' lang='lat' dir='ltr'>apparet</span> <span class='ocrx_word' id='word_1_90' title='bbox 863 1731 983 1807; x_wconf 88' lang='lat' dir='ltr'>aperte.</span> 
     </span>
     <span class='ocr_line' id='line_1_15' title="bbox 201 1820 973 1907; baseline 0.006 -23"><span class='ocrx_word' id='word_1_91' title='bbox 201 1820 300 1885; x_wconf 93' lang='lat' dir='ltr'>Nunc</span> <span class='ocrx_word' id='word_1_92' title='bbox 322 1844 404 1907; x_wconf 87' lang='lat' dir='ltr'>quae</span> <span class='ocrx_word' id='word_1_93' title='bbox 425 1822 589 1888; x_wconf 80' lang='lat' dir='ltr'>mobilitas</span> <span class='ocrx_word' id='word_1_94' title='bbox 611 1824 655 1889; x_wconf 89' lang='lat' dir='ltr'>sit</span> <span class='ocrx_word' id='word_1_95' title='bbox 675 1824 803 1889; x_wconf 89' lang='lat' dir='ltr'>reddita</span> <span class='ocrx_word' id='word_1_96' title='bbox 826 1825 973 1890; x_wconf 87' lang='lat' dir='ltr'>materiai</span> 
     </span>
    </p>

    <p class='ocr_par' dir='ltr' id='par_1_15' title="bbox 156 1925 1063 2013">
     <span class='ocr_line' id='line_1_16' title="bbox 156 1925 1063 2013; baseline 0.007 -25"><span class='ocrx_word' id='word_1_97' title='bbox 156 1925 350 2010; x_wconf 86' lang='lat' dir='ltr'>corporibus,</span> <span class='ocrx_word' id='word_1_98' title='bbox 371 1926 483 2012; x_wconf 89' lang='lat' dir='ltr'>paucis</span> <span class='ocrx_word' id='word_1_99' title='bbox 506 1927 582 1992; x_wconf 90' lang='lat' dir='ltr'>licet</span> <span class='ocrx_word' id='word_1_100' title='bbox 604 1928 679 1992; x_wconf 89' lang='lat' dir='ltr'>hinc</span> <span class='ocrx_word' id='word_1_101' title='bbox 701 1949 897 2013; x_wconf 81' lang='lat' dir='ltr'>cognoscere,</span> <span class='ocrx_word' id='word_1_102' title='bbox 920 1929 1063 1995; x_wconf 90' lang='lat' dir='ltr'>Memmi.</span> 
     </span>
    </p>

    <p class='ocr_par' dir='ltr' id='par_1_16' title="bbox 156 2027 1049 2116">
     <span class='ocr_line' id='line_1_17' title="bbox 156 2027 1049 2116; baseline 0.008 -26"><span class='ocrx_word' id='word_1_103' title='bbox 156 2027 299 2112; x_wconf 88' lang='lat' dir='ltr'>primum</span> <span class='ocrx_word' id='word_1_104' title='bbox 320 2051 435 2093; x_wconf 82' lang='lat' dir='ltr'>amora</span> <span class='ocrx_word' id='word_1_105' title='bbox 455 2052 538 2094; x_wconf 94' lang='lat' dir='ltr'>novo</span> <span class='ocrx_word' id='word_1_106' title='bbox 560 2052 634 2094; x_wconf 87' lang='lat' dir='ltr'>cum</span> <span class='ocrx_word' id='word_1_107' title='bbox 657 2031 779 2116; x_wconf 78' lang='lat' dir='ltr'>spargit</span> <span class='ocrx_word' id='word_1_108' title='bbox 802 2030 925 2096; x_wconf 90' lang='lat' dir='ltr'>lumine</span> <span class='ocrx_word' id='word_1_109' title='bbox 948 2040 1049 2097; x_wconf 83' lang='lat' dir='ltr'>terras</span> 
     </span>
    </p>

    <p class='ocr_par' dir='ltr' id='par_1_17' title="bbox 158 2131 989 2218">
     <span class='ocr_line' id='line_1_18' title="bbox 158 2131 989 2218; baseline 0.004 -24"><span class='ocrx_word' id='word_1_110' title='bbox 158 2139 193 2194; x_wconf 87' lang='lat' dir='ltr'>et</span> <span class='ocrx_word' id='word_1_111' title='bbox 215 2131 322 2196; x_wconf 88' lang='lat' dir='ltr'>variae</span> <span class='ocrx_word' id='word_1_112' title='bbox 344 2132 488 2198; x_wconf 87' lang='lat' dir='ltr'>volucres</span> <span class='ocrx_word' id='word_1_113' title='bbox 509 2155 641 2199; x_wconf 89' lang='lat' dir='ltr'>nemora</span> <span class='ocrx_word' id='word_1_114' title='bbox 662 2134 736 2198; x_wconf 89' lang='lat' dir='ltr'>avia</span> <span class='ocrx_word' id='word_1_115' title='bbox 757 2133 989 2218; x_wconf 84' lang='lat' dir='ltr'>pervolitantes</span> 
     </span>
    </p>

    <p class='ocr_par' dir='ltr' id='par_1_18' title="bbox 157 2235 1046 2324">
     <span class='ocr_line' id='line_1_19' title="bbox 157 2235 1046 2324; baseline 0.008 -28"><span class='ocrx_word' id='word_1_116' title='bbox 157 2254 234 2297; x_wconf 90' lang='lat' dir='ltr'>aera</span> <span class='ocrx_word' id='word_1_117' title='bbox 255 2257 313 2320; x_wconf 87' lang='lat' dir='ltr'>per</span> <span class='ocrx_word' id='word_1_118' title='bbox 335 2242 484 2300; x_wconf 89' lang='lat' dir='ltr'>tenerum</span> <span class='ocrx_word' id='word_1_119' title='bbox 506 2235 637 2321; x_wconf 89' lang='lat' dir='ltr'>liquidis</span> <span class='ocrx_word' id='word_1_120' title='bbox 659 2236 728 2301; x_wconf 89' lang='lat' dir='ltr'>loca</span> <span class='ocrx_word' id='word_1_121' title='bbox 750 2237 882 2302; x_wconf 88' lang='lat' dir='ltr'>vocibus</span> <span class='ocrx_word' id='word_1_122' title='bbox 904 2237 1046 2324; x_wconf 89' lang='lat' dir='ltr'>opplent,</span> 
     </span>
    </p>

    <p class='ocr_par' dir='ltr' id='par_1_19' title="bbox 158 2337 940 2425">
     <span class='ocr_line' id='line_1_20' title="bbox 158 2337 940 2425; baseline 0.006 -26"><span class='ocrx_word' id='word_1_123' title='bbox 158 2358 257 2421; x_wconf 89' lang='lat' dir='ltr'>quam</span> <span class='ocrx_word' id='word_1_124' title='bbox 278 2337 387 2402; x_wconf 87' lang='lat' dir='ltr'>subito</span> <span class='ocrx_word' id='word_1_125' title='bbox 409 2338 510 2403; x_wconf 89' lang='lat' dir='ltr'>soleat</span> <span class='ocrx_word' id='word_1_126' title='bbox 532 2339 579 2403; x_wconf 92' lang='lat' dir='ltr'>sol</span> <span class='ocrx_word' id='word_1_127' title='bbox 601 2347 691 2404; x_wconf 86' lang='lat' dir='ltr'>ortus</span> <span class='ocrx_word' id='word_1_128' title='bbox 712 2349 858 2425; x_wconf 86' lang='lat' dir='ltr'>tempore</span> <span class='ocrx_word' id='word_1_129' title='bbox 880 2340 940 2404; x_wconf 88' lang='lat' dir='ltr'>tali</span> 
     </span>
    </p>

    <p class='ocr_par' dir='ltr' id='par_1_20' title="bbox 159 2440 869 2526">
     <span class='ocr_line' id='line_1_21' title="bbox 159 2440 869 2526; baseline 0.006 -23"><span class='ocrx_word' id='word_1_130' title='bbox 159 2440 338 2505; x_wconf 90' lang='lat' dir='ltr'>convestire</span> <span class='ocrx_word' id='word_1_131' title='bbox 360 2463 419 2505; x_wconf 87' lang='lat' dir='ltr'>sua</span> <span class='ocrx_word' id='word_1_132' title='bbox 441 2442 637 2526; x_wconf 85' lang='lat' dir='ltr'>perfundens</span> <span class='ocrx_word' id='word_1_133' title='bbox 659 2442 767 2507; x_wconf 90' lang='lat' dir='ltr'>omnia</span> <span class='ocrx_word' id='word_1_134' title='bbox 789 2444 869 2519; x_wconf 93' lang='lat' dir='ltr'>luce,</span> 
     </span>
    </p>

    <p class='ocr_par' dir='ltr' id='par_1_21' title="bbox 159 2543 1107 2632">
     <span class='ocr_line' id='line_1_22' title="bbox 159 2543 1107 2632; baseline 0.007 -26"><span class='ocrx_word' id='word_1_135' title='bbox 159 2543 310 2608; x_wconf 89' lang='lat' dir='ltr'>omnibus</span> <span class='ocrx_word' id='word_1_136' title='bbox 331 2545 366 2608; x_wconf 92' lang='lat' dir='ltr'>in</span> <span class='ocrx_word' id='word_1_137' title='bbox 388 2559 541 2631; x_wconf 89' lang='lat' dir='ltr'>promptu</span> <span class='ocrx_word' id='word_1_138' title='bbox 564 2546 836 2632; x_wconf 86' lang='lat' dir='ltr'>manifestumque</span> <span class='ocrx_word' id='word_1_139' title='bbox 859 2569 927 2611; x_wconf 89' lang='lat' dir='ltr'>esse</span> <span class='ocrx_word' id='word_1_140' title='bbox 950 2547 1107 2613; x_wconf 88' lang='lat' dir='ltr'>videmus.</span> 
     </span>
    </p>

    <p class='ocr_par' dir='ltr' id='par_1_22' title="bbox 160 2648 1279 2735">
     <span class='ocr_line' id='line_1_23' title="bbox 160 2648 1279 2735; baseline 0.007 -25"><span class='ocrx_word' id='word_1_141' title='bbox 160 2655 193 2710; x_wconf 89' lang='lat' dir='ltr'>at</span> <span class='ocrx_word' id='word_1_142' title='bbox 216 2669 316 2732; x_wconf 87' lang='lat' dir='ltr'>vapor</span> <span class='ocrx_word' id='word_1_143' title='bbox 338 2648 366 2713; x_wconf 88' lang='lat' dir='ltr'>is</span> <span class='ocrx_word' id='word_1_144' title='bbox 388 2671 486 2734; x_wconf 90' lang='lat' dir='ltr'>quem</span> <span class='ocrx_word' id='word_1_145' title='bbox 508 2649 555 2713; x_wconf 86' lang='lat' dir='ltr'>sol</span> <span class='ocrx_word' id='word_1_146' title='bbox 577 2649 682 2715; x_wconf 87' lang='lat' dir='ltr'>mittit</span> <span class='ocrx_word' id='word_1_147' title='bbox 705 2650 879 2735; x_wconf 91' lang='lat' dir='ltr'>lumenque</span> <span class='ocrx_word' id='word_1_148' title='bbox 902 2671 1051 2714; x_wconf 89' lang='lat' dir='ltr'>serenum</span> <span class='ocrx_word' id='word_1_149' title='bbox 1219 2667 1279 2733; x_wconf 85' lang='lat'>150</span> 
     </span>
    </p>
   </div>
   <div class='ocr_carea' id='block_1_2' title="bbox 159 2749 1018 2937">
    <p class='ocr_par' dir='ltr' id='par_1_23' title="bbox 159 2749 1018 2937">
     <span class='ocr_line' id='line_1_24' title="bbox 159 2749 1018 2837; baseline 0.006 -25"><span class='ocrx_word' id='word_1_150' title='bbox 159 2771 223 2812; x_wconf 90' lang='lat' dir='ltr'>non</span> <span class='ocrx_word' id='word_1_151' title='bbox 246 2771 303 2835; x_wconf 90' lang='lat' dir='ltr'>per</span> <span class='ocrx_word' id='word_1_152' title='bbox 325 2749 420 2815; x_wconf 88' lang='lat' dir='ltr'>inane</span> <span class='ocrx_word' id='word_1_153' title='bbox 443 2759 531 2816; x_wconf 86' lang='lat' dir='ltr'>meat</span> <span class='ocrx_word' id='word_1_154' title='bbox 553 2774 709 2831; x_wconf 85' lang='lat' dir='ltr'>vacuum3</span> <span class='ocrx_word' id='word_1_155' title='bbox 738 2775 801 2837; x_wconf 89' lang='lat' dir='ltr'>quo</span> <span class='ocrx_word' id='word_1_156' title='bbox 824 2752 949 2816; x_wconf 88' lang='lat' dir='ltr'>tardius</span> <span class='ocrx_word' id='word_1_157' title='bbox 971 2753 1018 2817; x_wconf 91' lang='lat' dir='ltr'>ire</span> 
     </span>
     <span class='ocr_line' id='line_1_25' title="bbox 160 2849 971 2937; baseline 0.005 -25"><span class='ocrx_word' id='word_1_158' title='bbox 160 2849 295 2935; x_wconf 87' lang='lat' dir='ltr'>cogitur,</span> <span class='ocrx_word' id='word_1_159' title='bbox 317 2851 419 2915; x_wconf 84' lang='lat' dir='ltr'>aerias</span> <span class='ocrx_word' id='word_1_160' title='bbox 441 2851 534 2937; x_wconf 86' lang='lat' dir='ltr'>quasi</span> <span class='ocrx_word' id='word_1_161' title='bbox 555 2851 633 2915; x_wconf 91' lang='lat' dir='ltr'>dum</span> <span class='ocrx_word' id='word_1_162' title='bbox 656 2851 838 2916; x_wconf 88' lang='lat' dir='ltr'>diverberet</span> <span class='ocrx_word' id='word_1_163' title='bbox 860 2850 971 2916; x_wconf 82' lang='lat' dir='ltr'>undas</span> 
     </span>
    </p>
   </div>
   <div class='ocr_carea' id='block_1_3' title="bbox 160 2948 1081 3550">
    <p class='ocr_par' dir='ltr' id='par_1_24' title="bbox 160 2948 959 3036">
     <span class='ocr_line' id='line_1_26' title="bbox 160 2948 959 3036; baseline 0.005 -25"><span class='ocrx_word' id='word_1_164' title='bbox 160 2970 218 3012; x_wconf 89' lang='lat' dir='ltr'>nec</span> <span class='ocrx_word' id='word_1_165' title='bbox 241 2948 431 3036; x_wconf 86' lang='lat' dir='ltr'>singillatim</span> <span class='ocrx_word' id='word_1_166' title='bbox 454 2950 641 3035; x_wconf 85' lang='lat' dir='ltr'>corpuscula</span> <span class='ocrx_word' id='word_1_167' title='bbox 664 2973 810 3036; x_wconf 90' lang='lat' dir='ltr'>quaeque</span> <span class='ocrx_word' id='word_1_168' title='bbox 833 2951 959 3036; x_wconf 90' lang='lat' dir='ltr'>vaporis</span> 
     </span>
    </p>

    <p class='ocr_par' dir='ltr' id='par_1_25' title="bbox 161 3052 1041 3345">
     <span class='ocr_line' id='line_1_27' title="bbox 161 3052 1018 3141; baseline 0.006 -26"><span class='ocrx_word' id='word_1_169' title='bbox 161 3052 215 3117; x_wconf 89' lang='lat' dir='ltr'>sed</span> <span class='ocrx_word' id='word_1_170' title='bbox 238 3053 405 3139; x_wconf 86' lang='lat' dir='ltr'>complexa</span> <span class='ocrx_word' id='word_1_171' title='bbox 426 3062 537 3118; x_wconf 88' lang='lat' dir='ltr'>meant</span> <span class='ocrx_word' id='word_1_172' title='bbox 559 3053 645 3119; x_wconf 87' lang='lat' dir='ltr'>inter</span> <span class='ocrx_word' id='word_1_173' title='bbox 666 3077 699 3119; x_wconf 91' lang='lat' dir='ltr'>sc</span> <span class='ocrx_word' id='word_1_174' title='bbox 722 3077 845 3140; x_wconf 89' lang='lat' dir='ltr'>conque</span> <span class='ocrx_word' id='word_1_175' title='bbox 868 3055 1018 3141; x_wconf 85' lang='lat' dir='ltr'>globata3</span> 
     </span>
     <span class='ocr_line' id='line_1_28' title="bbox 162 3155 1041 3240; baseline 0.006 -22"><span class='ocrx_word' id='word_1_176' title='bbox 162 3164 355 3240; x_wconf 88' lang='lat' dir='ltr'>quapropter</span> <span class='ocrx_word' id='word_1_177' title='bbox 376 3155 472 3220; x_wconf 84' lang='lat' dir='ltr'>simul</span> <span class='ocrx_word' id='word_1_178' title='bbox 494 3156 581 3221; x_wconf 90' lang='lat' dir='ltr'>inter</span> <span class='ocrx_word' id='word_1_179' title='bbox 603 3178 637 3220; x_wconf 89' lang='lat' dir='ltr'>se</span> <span class='ocrx_word' id='word_1_180' title='bbox 659 3157 870 3222; x_wconf 76' lang='lat' dir='ltr'>retrahuntur</span> <span class='ocrx_word' id='word_1_181' title='bbox 891 3166 925 3222; x_wconf 89' lang='lat' dir='ltr'>et</span> <span class='ocrx_word' id='word_1_182' title='bbox 949 3167 1041 3223; x_wconf 88' lang='lat' dir='ltr'>extra</span> 
     </span>
     <span class='ocr_line' id='line_1_29' title="bbox 163 3258 829 3345; baseline 0.005 -23"><span class='ocrx_word' id='word_1_183' title='bbox 163 3258 353 3338; x_wconf 87' lang='lat' dir='ltr'>officiuntur,</span> <span class='ocrx_word' id='word_1_184' title='bbox 375 3259 427 3323; x_wconf 91' lang='lat' dir='ltr'>uti</span> <span class='ocrx_word' id='word_1_185' title='bbox 449 3269 606 3345; x_wconf 87' lang='lat' dir='ltr'>cogantur</span> <span class='ocrx_word' id='word_1_186' title='bbox 627 3261 752 3325; x_wconf 88' lang='lat' dir='ltr'>tardius</span> <span class='ocrx_word' id='word_1_187' title='bbox 774 3260 829 3326; x_wconf 88' lang='lat' dir='ltr'>ire.</span> 
     </span>
    </p>

    <p class='ocr_par' dir='ltr' id='par_1_26' title="bbox 162 3363 960 3449">
     <span class='ocr_line' id='line_1_30' title="bbox 162 3363 960 3449; baseline 0.005 -24"><span class='ocrx_word' id='word_1_188' title='bbox 162 3370 194 3425; x_wconf 93' lang='lat' dir='ltr'>at</span> <span class='ocrx_word' id='word_1_189' title='bbox 216 3384 300 3447; x_wconf 91' lang='lat' dir='ltr'>quae</span> <span class='ocrx_word' id='word_1_190' title='bbox 322 3370 400 3426; x_wconf 87' lang='lat' dir='ltr'>sunt</span> <span class='ocrx_word' id='word_1_191' title='bbox 422 3363 523 3427; x_wconf 87' lang='lat' dir='ltr'>solida</span> <span class='ocrx_word' id='word_1_192' title='bbox 545 3363 719 3449; x_wconf 87' lang='lat' dir='ltr'>primordia</span> <span class='ocrx_word' id='word_1_193' title='bbox 741 3363 960 3449; x_wconf 84' lang='lat' dir='ltr'>simplicitate,</span> 
     </span>
    </p>

    <p class='ocr_par' dir='ltr' id='par_1_27' title="bbox 164 3465 1081 3550">
     <span class='ocr_line' id='line_1_31' title="bbox 164 3465 1081 3550; baseline 0.004 -24"><span class='ocrx_word' id='word_1_194' title='bbox 164 3483 234 3528; x_wconf 89' lang='lat' dir='ltr'>cum</span> <span class='ocrx_word' id='word_1_195' title='bbox 257 3486 315 3550; x_wconf 89' lang='lat' dir='ltr'>per</span> <span class='ocrx_word' id='word_1_196' title='bbox 336 3465 432 3529; x_wconf 89' lang='lat' dir='ltr'>inane</span> <span class='ocrx_word' id='word_1_197' title='bbox 455 3474 565 3529; x_wconf 89' lang='lat' dir='ltr'>meant</span> <span class='ocrx_word' id='word_1_198' title='bbox 588 3488 726 3530; x_wconf 85' lang='lat' dir='ltr'>vacuum</span> <span class='ocrx_word' id='word_1_199' title='bbox 748 3487 807 3529; x_wconf 94' lang='lat' dir='ltr'>nec</span> <span class='ocrx_word' id='word_1_200' title='bbox 829 3488 880 3530; x_wconf 90' lang='lat' dir='ltr'>res</span> <span class='ocrx_word' id='word_1_201' title='bbox 901 3475 1081 3530; x_wconf 89' lang='lat' dir='ltr'>remoratur</span> 
     </span>
    </p>
   </div>
   <div class='ocr_carea' id='block_1_4' title="bbox 110 3697 1283 4406">
    <p class='ocr_par' dir='ltr' id='par_1_28' title="bbox 110 3697 1283 4406">
     <span class='ocr_line' id='line_1_32' title="bbox 110 3697 1280 3765; baseline -0.001 -13"><span class='ocrx_word' id='word_1_202' title='bbox 110 3701 139 3752; x_wconf 70' lang='lat'>²3</span> <span class='ocrx_word' id='word_1_203' title='bbox 149 3697 191 3750; x_wconf 87' lang='lat' dir='ltr'>but</span> <span class='ocrx_word' id='word_1_204' title='bbox 202 3715 262 3751; x_wconf 85' lang='lat' dir='ltr'>over</span> <span class='ocrx_word' id='word_1_205' title='bbox 274 3702 334 3752; x_wconf 79' lang='lat' dir='ltr'>baec</span> <span class='ocrx_word' id='word_1_206' title='bbox 344 3701 374 3751; x_wconf 88' lang='lat' dir='ltr'>in</span> <span class='ocrx_word' id='word_1_207' title='bbox 384 3700 440 3752; x_wconf 83' lang='lat' dir='ltr'>cod.</span> <span class='ocrx_word' id='word_1_208' title='bbox 452 3701 546 3753; x_wconf 85' lang='lat' dir='ltr'>Victor.</span> <span class='ocrx_word' id='word_1_209' title='bbox 560 3717 612 3752; x_wconf 85' lang='lat' dir='ltr'>was</span> <span class='ocrx_word' id='word_1_210' title='bbox 624 3717 688 3753; x_wconf 90' lang='lat' dir='ltr'>once</span> <span class='ocrx_word' id='word_1_211' title='bbox 698 3700 801 3752; x_wconf 83' lang='lat' dir='ltr'>written</span> <span class='ocrx_word' id='word_1_212' title='bbox 814 3716 829 3751; x_wconf 88' lang='lat' dir='ltr'>a</span> <span class='ocrx_word' id='word_1_213' title='bbox 840 3701 910 3752; x_wconf 86' lang='lat' dir='ltr'>word</span> <span class='ocrx_word' id='word_1_214' title='bbox 922 3702 1048 3765; x_wconf 79' lang='lat' dir='ltr'>carelully</span> <span class='ocrx_word' id='word_1_215' title='bbox 1061 3701 1158 3760; x_wconf 87' lang='lat' dir='ltr'>erased,</span> <span class='ocrx_word' id='word_1_216' title='bbox 1168 3716 1197 3752; x_wconf 91' lang='lat' dir='ltr'>as</span> <span class='ocrx_word' id='word_1_217' title='bbox 1209 3716 1280 3751; x_wconf 88' lang='lat' dir='ltr'>some</span> 
     </span>
     <span class='ocr_line' id='line_1_33' title="bbox 110 3777 1280 3847; baseline 0.003 -19"><span class='ocrx_word' id='word_1_218' title='bbox 110 3777 156 3828; x_wconf 63' lang='lat' dir='ltr'>brk</span> <span class='ocrx_word' id='word_1_219' title='bbox 165 3782 244 3832; x_wconf 84' lang='lat' dir='ltr'>under</span> <span class='ocrx_word' id='word_1_220' title='bbox 255 3784 316 3833; x_wconf 76' lang='lat' dir='ltr'>baec</span> <span class='ocrx_word' id='word_1_221' title='bbox 326 3782 376 3834; x_wconf 86' lang='lat' dir='ltr'>has</span> <span class='ocrx_word' id='word_1_222' title='bbox 386 3783 458 3842; x_wconf 67' lang='lat' dir='ltr'>beera</span> <span class='ocrx_word' id='word_1_223' title='bbox 471 3782 542 3846; x_wconf 85' lang='lat' dir='ltr'>quite</span> <span class='ocrx_word' id='word_1_224' title='bbox 553 3783 709 3845; x_wconf 81' lang='lat' dir='ltr'>confirming</span> <span class='ocrx_word' id='word_1_225' title='bbox 721 3783 789 3833; x_wconf 68' lang='lat' dir='ltr'>Gis:</span> <span class='ocrx_word' id='word_1_226' title='bbox 807 3797 849 3833; x_wconf 87' lang='lat' dir='ltr'>see</span> <span class='ocrx_word' id='word_1_227' title='bbox 860 3783 941 3833; x_wconf 81' lang='lat' dir='ltr'>above</span> <span class='ocrx_word' id='word_1_228' title='bbox 952 3798 978 3847; x_wconf 88' lang='lat' dir='ltr'>p.</span> <span class='ocrx_word' id='word_1_229' title='bbox 994 3786 1018 3835; x_wconf 88' lang='grc'>9.</span> <span class='ocrx_word' id='word_1_230' title='bbox 1166 3784 1213 3832; x_wconf 82' lang='grc'>134</span> <span class='ocrx_word' id='word_1_231' title='bbox 1225 3798 1280 3832; x_wconf 78' lang='lat' dir='ltr'>con·</span> 
     </span>
     <span class='ocr_line' id='line_1_34' title="bbox 110 3856 1280 3927; baseline 0 -16"><span class='ocrx_word' id='word_1_232' title='bbox 110 3856 171 3912; x_wconf 75' lang='lat' dir='ltr'>iate</span> <span class='ocrx_word' id='word_1_233' title='bbox 180 3864 248 3915; x_wconf 82' lang='lat' dir='ltr'>Nico.</span> <span class='ocrx_word' id='word_1_234' title='bbox 260 3865 302 3914; x_wconf 81' lang='lat' dir='ltr'>for</span> <span class='ocrx_word' id='word_1_235' title='bbox 312 3866 460 3915; x_wconf 78' lang='lat' dir='ltr'>cmwiliatc.</span> <span class='ocrx_word' id='word_1_236' title='bbox 587 3867 634 3916; x_wconf 84' lang='grc'>137</span> <span class='ocrx_word' id='word_1_237' title='bbox 645 3867 754 3927; x_wconf 79' lang='lat' dir='ltr'>Ipsaque</span> <span class='ocrx_word' id='word_1_238' title='bbox 761 3879 883 3927; x_wconf 80' lang='lat' dir='ltr'>proporro</span> <span class='ocrx_word' id='word_1_239' title='bbox 895 3863 1005 3914; x_wconf 81' lang='lat' dir='ltr'>Turneb.</span> <span class='ocrx_word' id='word_1_240' title='bbox 1017 3863 1117 3914; x_wconf 86' lang='lat' dir='ltr'>advers.</span> <span class='ocrx_word' id='word_1_241' title='bbox 1129 3878 1146 3912; x_wconf 92' lang='lat' dir='ltr'>v</span> <span class='ocrx_word' id='word_1_242' title='bbox 1156 3865 1189 3915; x_wconf 79' lang='grc'>27</span> <span class='ocrx_word' id='word_1_243' title='bbox 1200 3862 1280 3912; x_wconf 80' lang='lat' dir='ltr'>Lech.</span> 
     </span>
     <span class='ocr_line' id='line_1_35' title="bbox 110 3943 1281 4010; baseline 0 -15"><span class='ocrx_word' id='word_1_244' title='bbox 110 3943 328 4010; x_wconf 62' lang='lat' dir='ltr'>‘Ipsaqceporro</span> <span class='ocrx_word' id='word_1_245' title='bbox 360 3948 469 4010; x_wconf 77' lang='lat' dir='ltr'>Ipsaque</span> <span class='ocrx_word' id='word_1_246' title='bbox 480 3961 544 4009; x_wconf 78' lang='lat' dir='ltr'>qaae</span> <span class='ocrx_word' id='word_1_247' title='bbox 556 3946 647 3997; x_wconf 72' lang='lat' dir='ltr'>bamb.</span> <span class='ocrx_word' id='word_1_248' title='bbox 658 3946 728 4008; x_wconf 81' lang='lat' dir='ltr'>vulg.</span> <span class='ocrx_word' id='word_1_249' title='bbox 761 3949 864 4008; x_wconf 79' lang='lat' dir='ltr'>Ictaque</span> <span class='ocrx_word' id='word_1_250' title='bbox 876 3961 939 4008; x_wconf 78' lang='lat' dir='ltr'>quoe</span> <span class='ocrx_word' id='word_1_251' title='bbox 951 3945 1020 3996; x_wconf 79' lang='lat' dir='ltr'>Flor.</span> <span class='ocrx_word' id='word_1_252' title='bbox 1035 3946 1075 3995; x_wconf 86' lang='grc'>31.</span> <span class='ocrx_word' id='word_1_253' title='bbox 1148 3945 1281 4007; x_wconf 75' lang='lat' dir='ltr'>152qucse&#39;</span> 
     </span>
     <span class='ocr_line' id='line_1_36' title="bbox 110 4022 1280 4091; baseline 0 -20"><span class='ocrx_word' id='word_1_254' title='bbox 110 4028 143 4071; x_wconf 73' lang='lat' dir='ltr'>m</span> <span class='ocrx_word' id='word_1_255' title='bbox 160 4027 302 4078; x_wconf 83' lang='lat' dir='ltr'>diverberet.</span> <span class='ocrx_word' id='word_1_256' title='bbox 338 4028 406 4091; x_wconf 77' lang='lat' dir='ltr'>quod</span> <span class='ocrx_word' id='word_1_257' title='bbox 427 4028 464 4076; x_wconf 81' lang='lat' dir='ltr'>sol</span> <span class='ocrx_word' id='word_1_258' title='bbox 486 4027 628 4076; x_wconf 76' lang='lat' dir='ltr'>diverberat</span> <span class='ocrx_word' id='word_1_259' title='bbox 650 4024 720 4078; x_wconf 85' lang='lat' dir='ltr'>Nico.</span> <span class='ocrx_word' id='word_1_260' title='bbox 743 4025 812 4075; x_wconf 81' lang='lat' dir='ltr'>Flor.</span> <span class='ocrx_word' id='word_1_261' title='bbox 832 4026 862 4074; x_wconf 84' lang='lat'>31</span> <span class='ocrx_word' id='word_1_262' title='bbox 882 4025 971 4075; x_wconf 77' lang='lat' dir='ltr'>(lamb.</span> <span class='ocrx_word' id='word_1_263' title='bbox 991 4024 1060 4087; x_wconf 78' lang='lat' dir='ltr'>vulg.</span> <span class='ocrx_word' id='word_1_264' title='bbox 1082 4024 1174 4074; x_wconf 85' lang='lat' dir='ltr'>Lamb.</span> <span class='ocrx_word' id='word_1_265' title='bbox 1196 4022 1236 4073; x_wconf 87' lang='lat' dir='ltr'>sd.</span> <span class='ocrx_word' id='word_1_266' title='bbox 1257 4025 1280 4072; x_wconf 92' lang='lat'>1.</span> 
     </span>
     <span class='ocr_line' id='line_1_37' title="bbox 110 4105 1280 4171; baseline -0.002 -16"><span class='ocrx_word' id='word_1_267' title='bbox 110 4108 156 4154; x_wconf 65' lang='lat' dir='ltr'>aa·</span> <span class='ocrx_word' id='word_1_268' title='bbox 172 4115 222 4158; x_wconf 78' lang='lat' dir='ltr'>mm</span> <span class='ocrx_word' id='word_1_269' title='bbox 240 4110 381 4164; x_wconf 77' lang='lat' dir='ltr'>diverberet</span> <span class='ocrx_word' id='word_1_270' title='bbox 400 4107 491 4159; x_wconf 73' lang='lat' dir='ltr'>hamb.</span> <span class='ocrx_word' id='word_1_271' title='bbox 513 4107 552 4158; x_wconf 87' lang='lat' dir='ltr'>ed.</span> <span class='ocrx_word' id='word_1_272' title='bbox 570 4110 594 4167; x_wconf 82' lang='lat'>2,</span> <span class='ocrx_word' id='word_1_273' title='bbox 613 4110 687 4171; x_wconf 73' lang='lat' dir='ltr'>quasi</span> <span class='ocrx_word' id='word_1_274' title='bbox 706 4109 765 4157; x_wconf 82' lang='lat' dir='ltr'>dum</span> <span class='ocrx_word' id='word_1_275' title='bbox 785 4109 927 4156; x_wconf 82' lang='lat' dir='ltr'>diverberat</span> <span class='ocrx_word' id='word_1_276' title='bbox 945 4106 985 4156; x_wconf 84' lang='lat' dir='ltr'>ed.</span> <span class='ocrx_word' id='word_1_277' title='bbox 1003 4108 1027 4168; x_wconf 84' lang='lat'>3,</span> <span class='ocrx_word' id='word_1_278' title='bbox 1047 4119 1077 4157; x_wconf 87' lang='lat' dir='ltr'>as</span> <span class='ocrx_word' id='word_1_279' title='bbox 1093 4106 1166 4155; x_wconf 90' lang='lat' dir='ltr'>Pont.</span> <span class='ocrx_word' id='word_1_280' title='bbox 1186 4105 1280 4164; x_wconf 77' lang='lat' dir='ltr'>before,</span> 
     </span>
     <span class='ocr_line' id='line_1_38' title="bbox 110 4185 1277 4253; baseline -0.003 -15"><span class='ocrx_word' id='word_1_281' title='bbox 110 4185 214 4238; x_wconf 61' lang='lat' dir='ltr'>efflinrc’</span> <span class='ocrx_word' id='word_1_282' title='bbox 230 4203 291 4253; x_wconf 82' lang='lat' dir='ltr'>says</span> <span class='ocrx_word' id='word_1_283' title='bbox 306 4187 401 4240; x_wconf 58' lang='lat' dir='ltr'>Locha</span> <span class='ocrx_word' id='word_1_284' title='bbox 419 4194 497 4238; x_wconf 84' lang='lat' dir='ltr'>‘nam</span> <span class='ocrx_word' id='word_1_285' title='bbox 512 4191 570 4239; x_wconf 83' lang='lat' dir='ltr'>dum</span> <span class='ocrx_word' id='word_1_286' title='bbox 584 4187 785 4250; x_wconf 83' lang='lat' dir='ltr'>intellegendum</span> <span class='ocrx_word' id='word_1_287' title='bbox 802 4190 841 4236; x_wconf 88' lang='lat' dir='ltr'>cst</span> <span class='ocrx_word' id='word_1_288' title='bbox 856 4188 931 4236; x_wconf 78' lang='lat' dir='ltr'>donee</span> <span class='ocrx_word' id='word_1_289' title='bbox 940 4188 956 4239; x_wconf 90' lang='lat'>’.</span> <span class='ocrx_word' id='word_1_290' title='bbox 991 4186 1044 4235; x_wconf 90' lang='lat' dir='ltr'>But</span> <span class='ocrx_word' id='word_1_291' title='bbox 1059 4185 1088 4235; x_wconf 91' lang='lat' dir='ltr'>in</span> <span class='ocrx_word' id='word_1_292' title='bbox 1103 4201 1149 4248; x_wconf 81' lang='lat' dir='ltr'>my</span> <span class='ocrx_word' id='word_1_293' title='bbox 1160 4185 1277 4248; x_wconf 90' lang='lat' dir='ltr'>opinion,</span> 
     </span>
     <span class='ocr_line' id='line_1_39' title="bbox 110 4267 1281 4335; baseline -0.003 -13"><span class='ocrx_word' id='word_1_294' title='bbox 110 4269 177 4331; x_wconf 72' lang='lat' dir='ltr'>nugh</span> <span class='ocrx_word' id='word_1_295' title='bbox 197 4271 242 4322; x_wconf 86' lang='lat' dir='ltr'>the</span> <span class='ocrx_word' id='word_1_296' title='bbox 264 4270 331 4335; x_wconf 84' lang='lat' dir='ltr'>subi.</span> <span class='ocrx_word' id='word_1_297' title='bbox 351 4270 374 4322; x_wconf 85' lang='lat' dir='ltr'>is</span> <span class='ocrx_word' id='word_1_298' title='bbox 396 4271 468 4334; x_wconf 84' lang='lat' dir='ltr'>quite</span> <span class='ocrx_word' id='word_1_299' title='bbox 489 4271 567 4335; x_wconf 79' lang='lat' dir='ltr'>right,</span> <span class='ocrx_word' id='word_1_300' title='bbox 589 4271 677 4321; x_wconf 82' lang='lat' dir='ltr'>Lamb.</span> <span class='ocrx_word' id='word_1_301' title='bbox 701 4269 758 4321; x_wconf 85' lang='lat' dir='ltr'>vell</span> <span class='ocrx_word' id='word_1_302' title='bbox 779 4268 887 4320; x_wconf 80' lang='lat' dir='ltr'>defends</span> <span class='ocrx_word' id='word_1_303' title='bbox 910 4269 955 4318; x_wconf 85' lang='lat' dir='ltr'>the</span> <span class='ocrx_word' id='word_1_304' title='bbox 977 4267 1055 4319; x_wconf 82' lang='lat' dir='ltr'>indic.</span> <span class='ocrx_word' id='word_1_305' title='bbox 1075 4267 1160 4318; x_wconf 89' lang='lat' dir='ltr'>which</span> <span class='ocrx_word' id='word_1_306' title='bbox 1181 4268 1204 4318; x_wconf 88' lang='lat' dir='ltr'>is</span> <span class='ocrx_word' id='word_1_307' title='bbox 1226 4269 1281 4319; x_wconf 84' lang='lat' dir='ltr'>also</span> 
     </span>
     <span class='ocr_line' id='line_1_40' title="bbox 110 4349 1283 4406; baseline 0.001 -6"><span class='ocrx_word' id='word_1_308' title='bbox 110 4349 186 4406; x_wconf 63' lang='lat' dir='ltr'>ssuble.</span> <span class='ocrx_word' id='word_1_309' title='bbox 301 4354 348 4404; x_wconf 98' lang='grc'>155</span> <span class='ocrx_word' id='word_1_310' title='bbox 363 4369 389 4404; x_wconf 79' lang='lat' dir='ltr'>ee</span> <span class='ocrx_word' id='word_1_311' title='bbox 405 4355 570 4404; x_wconf 77' lang='lat' dir='ltr'>retrahuntur</span> <span class='ocrx_word' id='word_1_312' title='bbox 586 4352 704 4403; x_wconf 89' lang='lat' dir='ltr'>Priscian</span> <span class='ocrx_word' id='word_1_313' title='bbox 721 4352 760 4401; x_wconf 80' lang='lat' dir='ltr'>lor</span> <span class='ocrx_word' id='word_1_314' title='bbox 776 4367 800 4402; x_wconf 80' lang='lat' dir='ltr'>se</span> <span class='ocrx_word' id='word_1_315' title='bbox 819 4352 963 4401; x_wconf 81' lang='lat' dir='ltr'>trahuntur.</span> <span class='ocrx_word' id='word_1_316' title='bbox 1080 4350 1128 4400; x_wconf 85' lang='lat'>158</span> <span class='ocrx_word' id='word_1_317' title='bbox 1143 4359 1283 4401; x_wconf 77' lang='lat' dir='ltr'>remoratur</span> 
     </span>
    </p>
   </div>
   <div class='ocr_carea' id='block_1_5' title="bbox 1109 4448 1193 4512">
    <p class='ocr_par' dir='ltr' id='par_1_29' title="bbox 1109 4448 1193 4512">
     <span class='ocr_line' id='line_1_41' title="bbox 1109 4448 1193 4512; baseline -0.036 0"><span class='ocrx_word' id='word_1_318' title='bbox 1109 4448 1193 4512; x_wconf 83' lang='lat'>6-2</span> 
     </span>
    </p>
   </div>
   <div class='ocr_carea' id='block_1_6' title="bbox 0 0 1436 4792">
    <p class='ocr_par' dir='ltr' id='par_1_30' title="bbox 0 0 1436 4792">
     <span class='ocr_line' id='line_1_42' title="bbox 0 0 1436 4792; baseline 0 0"><span class='ocrx_word' id='word_1_319' title='bbox 0 0 1436 4792; x_wconf 95' lang='lat' dir='ltr'> </span> 
     </span>
    </p>
   </div>
  </div>
 </body>
</html>
