2834 4792
730 259 787 324 VI.

233 445 339 487 nonne
361 422 452 487 vides
472 420 605 486 audisve
627 422 731 507 perire
754 421 789 485 in
811 429 956 506 tempore
978 443 1078 507 parvo

234 547 333 612 quam
355 524 479 590 soleant
501 534 536 589 et
558 546 656 609 quam
678 523 760 588 vitai
781 524 872 609 copia
895 523 989 600 desit,

234 651 314 714 quos
335 650 430 713 opere
454 629 488 691 in
509 628 568 691 tali
591 627 720 692 cohibet
742 628 791 691 vis
812 650 930 713 magna
951 628 1117 694 necessisl
1292 635 1353 713 815

234 731 292 795 hos
313 730 416 817 igitur
437 730 534 795 tellus
548 715 661 793 ⁴omnis
684 738 854 794 exaestuat
875 739 985 795 aestus

235 833 425 920 expiratque
448 835 529 897 foras
552 833 586 896 in
608 841 758 917 apertum
779 832 993 920 promptaque
1016 834 1104 899 caeli

278 938 332 1003 Sic
355 947 389 1003 et
411 939 541 1001 Averna
563 937 631 1001 loca
653 937 786 1003 alitibus
807 939 1013 1003 summittere
1034 939 1158 1004 debent

235 1041 434 1105 mortiferam
456 1039 531 1116 vim,
554 1040 594 1104 de
617 1048 704 1104 terra
726 1062 809 1125 quae
831 1041 937 1127 surgit
958 1041 994 1105 in
1016 1062 1119 1117 auras,

236 1151 275 1208 ut
297 1144 440 1229 spatium
463 1144 542 1207 caeli
565 1143 705 1229 quadam
726 1143 767 1208 de
790 1153 883 1228 parte
906 1152 1065 1223 venenet;
1289 1148 1357 1211 820

236 1269 300 1332 quo
322 1247 418 1311 simul
442 1269 479 1311 ac
500 1245 643 1331 primum
665 1247 782 1332 pennis
803 1247 913 1311 delata
934 1247 978 1311 sit
1000 1246 1075 1324 ales,

236 1350 434 1436 impediatur
455 1349 502 1414 ibi
524 1372 617 1415 caeco
639 1359 786 1436 correpta
807 1372 940 1428 veneno,

237 1460 275 1516 ut
297 1453 392 1517 cadat
415 1474 432 1518 e
455 1453 586 1539 regione
609 1453 679 1531 loci,
701 1476 767 1539 qua
788 1454 906 1538 derigit
928 1463 1046 1519 aestus.

236 1578 301 1641 quo
323 1579 397 1620 cum
419 1558 554 1634 conruit,
577 1557 629 1621 hie
651 1557 764 1622 eadem
786 1557 835 1621 vis
858 1557 944 1622 illius
966 1565 1076 1622 aestus

235 1659 387 1745 reliquias
411 1659 497 1724 vitae
519 1660 673 1725 membris
695 1683 735 1726 ex
757 1660 906 1725 omnibus
928 1661 1042 1726 aufert.
1292 1665 1353 1742 825

236 1763 356 1849 quippe
380 1763 502 1827 etenim
524 1764 628 1850 primo
650 1765 742 1849 quasi
765 1764 926 1849 quendam
949 1763 1074 1827 conciet
1095 1771 1244 1844 aestum3

236 1868 397 1954 posterius
419 1869 457 1933 fit
480 1868 539 1945 uti,
560 1890 635 1932 cum
656 1868 722 1931 iam
745 1867 887 1933 cecidere
911 1868 1027 1933 veneni

237 1971 272 2035 in
295 1971 393 2036 fontis
415 1971 509 2057 ipsos,
531 1971 578 2036 ibi
601 1971 644 2036 sit
666 1993 794 2057 quoque
816 1971 885 2036 vita
907 1971 1065 2037 vomenda

237 2085 408 2161 propterea
430 2075 516 2161 quod
538 2097 656 2162 magna
678 2076 756 2139 mali
778 2077 817 2140 fit
839 2075 932 2162 copia
954 2077 1083 2142 circum.

282 2180 337 2244 Fit
359 2202 486 2265 quoque
509 2188 547 2244 ut
568 2180 733 2245 interdum
756 2181 805 2245 vis
828 2181 907 2245 haee
929 2190 1028 2266 atque
1051 2189 1160 2245 aestus
1182 2181 1308 2245 Averni

238 2306 321 2360 aera,
344 2285 400 2369 qui
422 2285 508 2349 inter
530 2285 599 2349 avis
621 2294 792 2369 cumquest
814 2294 998 2371 terramque
1022 2286 1153 2362 locatus,
1294 2290 1353 2368 831

239 2389 401 2465 discutiat,
423 2409 521 2473 prope
545 2388 595 2453 uti
618 2387 705 2452 locus
727 2387 779 2451 hic
802 2387 969 2473 linquatur
990 2388 1104 2453 inanis.

241 2492 333 2556 cuius
357 2491 415 2555 ubi
438 2514 454 2555 e
479 2491 608 2577 regione
632 2491 692 2555 loci
714 2513 831 2555 venere
854 2493 1008 2569 volantes,

238 2596 398 2660 claudicat
421 2597 584 2680 extemplo
606 2595 779 2680 pinnarum
802 2596 892 2659 nisus
914 2596 1020 2660 inanis

240 2707 273 2762 et
296 2721 450 2762 conamen
474 2699 639 2783 utrimque
661 2697 784 2761 alarum
808 2699 956 2783 proditur
978 2721 1079 2763 omne.
1295 2703 1356 2781 835

241 2803 292 2866 hic
317 2802 372 2867 ubi
395 2801 500 2866 nixari
522 2811 689 2887 nequeunt
712 2803 924 2888 insistereque
946 2803 1014 2876 alis,

190 2961 197 2980 ,
240 2905 361 2970 scilicet
384 2906 418 2969 in
441 2915 560 2970 terram
583 2906 690 2969 delabi
713 2906 852 2990 pondere
875 2907 961 2992 cogit

239 3018 365 3085 natura,
388 3018 422 3074 et
445 3032 581 3074 vacuum
605 3032 703 3095 prope
726 3011 790 3074 iam
814 3012 987 3096 perinane
1010 3011 1152 3075 iacentes

241 3113 432 3198 dispergunt
455 3113 580 3176 animas
603 3135 660 3197 per
682 3114 790 3178 caulas
812 3114 950 3200 corporis
973 3113 1084 3178 omnis.

719 3241 738 3278 ᾖ

240 3319 384 3406 frigidior
407 3342 499 3404 porro
522 3319 556 3383 in
579 3320 686 3404 puteis
709 3329 833 3385 aestate
855 3321 893 3384 fit
917 3342 1016 3397 umor,
1295 3324 1359 3401 840

155 3534 231 3583 Ρ8111.
244 3532 284 3582 for
296 3540 406 3593 argento.
547 3533 595 3580 813
606 3533 709 3580 audisve
721 3531 788 3581 Flor.
804 3533 834 3580 31
847 3531 934 3581 (lamb.
949 3531 1013 3581 Mar.
1028 3530 1069 3579 for
1080 3532 1177 3580 audire.
1311 3531 1359 3580 815

156 3618 260 3666 assessis
272 3614 351 3663 118811.
363 3615 403 3663 181
414 3621 540 3663 necessest.
639 3615 687 3665 817
699 3622 811 3677 apertam
821 3614 852 3663 B.
886 3621 973 3676 aperta
984 3614 1006 3662 A
1017 3613 1088 3662 Nico.
1099 3611 1168 3674 vulg.
1182 3611 1269 3661 before
1279 3612 1359 3662 Lach.

156 3693 371 3755 apertaqueFlor.
384 3693 424 3740 31.
527 3693 575 3740 818
587 3698 619 3741 et.
652 3689 1218 3741 88118811.8181181818181118181818188.
1251 3690 1359 3739 alitibus

154 3775 263 3824 118131
277 3775 365 3824 Gamb.
381 3774 446 3824 Mar.
458 3775 499 3823 for
509 3777 634 3824 muliebus.
795 3775 843 3824 829
849 3775 892 3836 sit.
927 3775 962 3821 sit
973 3773 1046 3823 Junt.
1060 3771 1152 3821 11811111.
1164 3772 1248 3833 vulg:
1265 3785 1282 3820 a
1294 3771 1358 3821 sole-

156 3857 228 3907 oism.
264 3878 266 3883 ·
328 3859 376 3907 832
388 3858 429 3906 liic
441 3856 511 3905 Mon.
523 3872 548 3919 p.
560 3872 595 3906 m.
607 3855 686 3905 Lach.
699 3856 739 3905 for
751 3858 815 3907 hiae.
853 3858 985 3919 linquatur
994 3856 1063 3904 Flor.
1076 3856 1108 3904 31
1120 3853 1209 3903 (lamb.
1221 3854 1280 3903 Ver.
1293 3855 1360 3904 Van.

156 3938 221 3987 Mar.
233 3939 273 3988 for
285 3940 419 4002 linquitur.
501 3940 550 3987 840
561 3939 656 4000 clearly
667 3937 814 4000 something
824 3938 848 3986 is
858 3937 973 4000 wanting
984 3940 1011 3986 to
1023 3939 1131 3986 connect
1143 3935 1197 3987 this
1208 3949 1281 3985 verse
1292 3935 1359 3986 with

156 4021 224 4071 what
240 4021 367 4084 precedes.
400 4020 479 4072 Lech.
499 4020 547 4070 has
563 4021 658 4083 proved
676 4021 733 4070 that
750 4035 765 4069 a
782 4035 838 4069 new
854 4021 913 4078 leaf,
931 4019 975 4069 the
996 4019 1087 4081 leand,
1107 4019 1136 4069 of
1156 4019 1201 4069 the
1221 4018 1361 4082 archetype

155 4102 238 4164 began
250 4103 324 4152 here:
342 4101 370 4151 in
382 4102 417 4151 all
428 4101 584 4164 probability
595 4101 659 4151 then
675 4117 723 4151 oue
739 4102 792 4150 leaf
805 4099 858 4150 had
870 4100 983 4163 dropped
999 4104 1045 4150 out
1055 4099 1083 4149 in
1094 4099 1149 4149 this
1159 4101 1240 4163 place.
1274 4100 1356 4152 118811.

154 4184 249 4233 inserts
260 4185 319 4233 four
334 4184 486 4245 fragments,
498 4184 556 4232 Non
570 4185 633 4232 milri
650 4186 673 4232 si
692 4184 793 4244 linguae
805 4190 902 4232 centum
915 4185 968 4231 sint
983 4197 1075 4245 oraque
1090 4189 1196 4240 88818111,
1208 4183 1291 4232 Atrea
1303 4198 1359 4232 voa.

157 4268 282 4316 Mensiba'
294 4268 390 4329 frigas.
425 4267 592 4328 Gamereeque
609 4267 723 4315 caminis.
756 4267 795 4314 Ne
814 4267 922 4314 oblimet.
958 4264 1014 4313 The
1031 4263 1089 4313 first
1106 4262 1233 4326 certainly
1249 4277 1361 4326 appears

155 4348 307 4397 Lucretian:
326 4346 409 4397 where
423 4347 444 4396 it
462 4363 534 4396 came
550 4347 579 4395 in
595 4346 640 4397 the
656 4362 739 4409 poem,
760 4350 855 4396 cannot
871 4346 903 4396 be
919 4345 991 4405 said3
1008 4344 1053 4396 the
1069 4349 1181 4406 restare
1196 4361 1259 4409 very
1270 4346 1361 4398 doubt·

156 4429 201 4480 ful.
334 4430 383 4479 840
402 4431 454 4492 Que
471 4429 493 4478 is
510 4429 623 4491 prefixed
640 4432 667 4478 1ο
683 4431 817 4491 Frigidior
832 4427 861 4477 in
877 4428 907 4484 A.
927 4443 975 4478 uae
994 4427 1048 4493 (ie.
1069 4426 1142 4492 quoe)
1160 4427 1190 4477 in
1205 4427 1237 4487 B,
1257 4430 1311 4479 Gur
1329 4429 1362 4491 by
