2804 4786
707 214 763 279 III

230 374 388 459 quantula
410 374 515 462 prima
537 385 658 462 queant
679 375 773 443 nobis
795 378 916 442 iniecta
937 377 1022 443 ciere

229 497 359 561 corpora
381 476 550 544 sensiferos
571 487 680 543 motus
702 478 737 543 in
759 501 897 566 corpore,
920 488 1014 546 tanta

229 576 400 644 intervalla
421 588 532 645 tenere
554 579 685 647 exordia
705 582 811 668 prima
831 581 961 647 animai

228 705 305 748 uam
326 706 433 770 neque
453 686 597 772 pulveris
618 686 785 752 interdum
806 687 968 752 sentimus
989 686 1169 752 adhaesum

227 807 357 872 corpore
379 810 439 853 nec
461 788 614 854 membris
636 789 798 854 incussam
820 789 925 854 sidere
947 798 1079 866 cretam,

227 912 288 955 nec
309 891 462 957 nebulam
484 901 582 958 noctu
604 915 711 979 neque
732 893 843 958 aranei
865 892 977 958 tenvia
997 892 1054 957 fila

229 991 325 1058 obvia
346 994 514 1071 sentimus,
537 994 666 1080 quando
688 995 867 1060 obretimur
888 1003 1013 1072 euntes,

229 1117 289 1160 nec
310 1118 427 1183 supera
449 1108 548 1185 caput
570 1098 715 1164 eiusdem
737 1098 889 1164 cecidisse
911 1099 1035 1164 vietam

230 1207 354 1265 vestem
376 1223 436 1266 nec
457 1203 586 1288 plumas
608 1203 718 1268 avium
740 1224 927 1289 papposque
949 1202 1090 1268 volantis
1168 1262 1170 1267 .

229 1300 286 1386 qui
307 1303 410 1368 nimia
431 1304 565 1370 levitate
587 1305 709 1370 cadunt
729 1306 922 1392 plerumque
943 1305 1115 1392 gravatim,

228 1426 289 1470 nec
309 1407 453 1492 repentis
476 1407 560 1473 itum
583 1407 865 1493 cuiusviscumque
886 1407 1064 1473 animantis

228 1508 388 1575 sentimus
410 1533 469 1576 nec
491 1512 583 1598 priva
604 1512 726 1598 pedum
748 1511 887 1597 vestigia
908 1532 1066 1596 quaeque,

228 1633 358 1698 corpore
381 1615 521 1700 quaein
542 1624 652 1680 nostro
674 1607 793 1680 culices
815 1624 850 1680 et
872 1624 980 1681 cetera
1001 1623 1139 1701 ponunt.

228 1737 331 1801 usque
353 1716 434 1782 adeo
454 1718 546 1803 prius
568 1727 618 1783 est
640 1719 675 1782 in
696 1717 790 1782 nobis
811 1717 917 1783 multa
938 1717 1101 1796 ciendum,

230 1841 327 1904 quam
350 1819 527 1906 primordia
548 1821 726 1887 sentiscant
748 1843 901 1886 concussa
921 1821 1045 1887 animai

228 1923 353 1988 semina
374 1925 560 2011 corporibus
581 1925 700 1990 nostris
720 1925 860 1990 inmixta
881 1947 940 2010 per
960 1933 1060 2002 artus,

229 2038 263 2090 et
285 2048 383 2112 quam
405 2028 440 2092 in
462 2029 514 2094 his
536 2029 715 2094 intervallis
737 2029 918 2094 tuditantia
939 2029 1065 2115 possint

228 2151 414 2196 concursare
436 2133 521 2197 coire
543 2142 577 2198 et
598 2133 769 2198 dissultare
791 2133 940 2204 vicissim.

274 2235 318 2301 Et
340 2237 445 2324 magis
468 2246 518 2303 est
540 2238 668 2303 animus
691 2238 771 2302 vitai
793 2237 934 2302 claustra
956 2259 1104 2303 coercens

230 2346 264 2402 et
286 2338 504 2407 dominantior
524 2341 567 2406 ad
589 2342 693 2406 vitam
715 2363 812 2427 quam
835 2342 885 2407 vis
906 2341 1036 2407 animai.

230 2463 306 2506 nam
329 2443 399 2508 sine
422 2452 532 2509 mente
554 2445 727 2530 animoque
748 2444 865 2531 nequit
886 2444 1026 2509 residere
1049 2467 1108 2530 per
1130 2453 1221 2510 artus

231 2547 384 2632 temporis
406 2548 558 2634 exiguam
580 2556 707 2634 partem
728 2570 802 2633 pars
823 2549 892 2613 ulla
914 2549 1045 2626 animai,

231 2646 287 2711 sed
309 2670 414 2715 comes
436 2651 619 2736 insequitur
641 2650 733 2715 facile
756 2658 790 2715 et
812 2637 950 2716 discedit
971 2652 1007 2716 in
1028 2673 1124 2717 auras
1291 2670 1360 2733 400

231 2760 265 2817 et
287 2754 410 2839 gelidos
431 2764 522 2820 artus
544 2756 578 2820 in
600 2754 659 2820 leti
681 2755 798 2842 frigore
821 2754 950 2840 linquit.

230 2863 266 2919 at
287 2865 398 2921 manet
420 2857 455 2922 in
477 2858 546 2922 vita
567 2857 620 2922 cui
643 2880 734 2922 mens
755 2857 947 2943 animusque
969 2857 1134 2922 remansit.

230 2960 377 3043 quamvis
399 2970 450 3026 est
472 2962 592 3027 circum
614 2962 715 3027 caesis
737 2962 822 3027 lacer
843 2961 987 3047 undique
1010 2961 1165 3028 membris

231 3071 373 3140 truncus,
395 3063 548 3151 adempta
570 3064 679 3129 anima
700 3065 821 3129 circum
844 3064 1062 3151 membrisque
1084 3072 1210 3130 remota

229 3166 311 3231 vivit
333 3175 367 3232 et
389 3168 549 3233 aetherias
571 3169 680 3234 vitalis
702 3169 837 3256 suscipit
859 3191 961 3237 auras.
1287 3188 1353 3253 405

230 3270 258 3334 si
280 3293 345 3335 non
367 3273 569 3350 omnimodis,
590 3281 626 3338 at
647 3297 766 3360 magna
787 3283 880 3360 parte
902 3273 1024 3338 animai

231 3373 385 3459 privatus,
407 3383 518 3440 tamen
542 3376 576 3440 in
597 3376 667 3440 vita
688 3384 861 3440 cunctatur
882 3384 916 3440 et
938 3375 1071 3454 haeret;

144 3625 216 3675 Nico.
233 3625 302 3674 Flor.
319 3627 350 3674 31
368 3626 457 3676 (lamb.
475 3626 510 3676 all
526 3626 585 3677 Vat.
602 3627 638 3676 all
655 3626 707 3678 eds.
727 3627 776 3676 bet.
793 3626 884 3676 Lamb.
902 3628 927 3686 3,
945 3625 998 3679 (lif.
1017 3626 1093 3677 Wuk.
1166 3627 1356 3680 3733131330

141 3709 235 3770 prima.
265 3709 343 3770 priva
359 3708 446 3758 Bentl.
463 3708 542 3761 Lech.
562 3709 612 3762 Ed
631 3710 659 3758 in
676 3709 715 3761 ed.
734 3711 766 3761 1:
782 3709 831 3760 but
848 3723 889 3759 see
905 3712 979 3761 notes
996 3711 1020 3761 2.
1113 3711 1268 3760 tetartaeo·
1285 3709 1353 3762 Mar.

144 3791 202 3841 Ald.
221 3793 234 3840 1
252 3791 327 3841 Junt.
345 3791 385 3840 for
402 3795 494 3843 arant:
513 3808 554 3842 see
570 3792 651 3843 Laoh.
744 3794 791 3845 391
809 3794 924 3843 ciendmn
940 3794 1037 3843 Avanc.
1054 3793 1206 3845 sortiendo.
1303 3796 1356 3847 333

145 3874 198 3924 and
209 3876 258 3926 393
268 3874 382 3939 wrongly
393 3876 546 3938 transposed
558 3876 592 3939 by
603 3875 668 3925 Mar.
683 3875 736 3924 and
747 3875 775 3924 in
787 3875 823 3925 311
833 3874 946 3925 editions
957 3874 1091 3937 including
1105 3873 1186 3924 Lech.
1201 3873 1281 3925 Bam.
1297 3875 1352 3926 and

145 3955 195 4006 ud.
206 3957 337 4020 formerly.
387 3958 435 4008 394
446 3960 482 4007 Et
493 3973 569 4021 quam
580 3960 607 4006 in
620 3959 659 4006 bis
671 3959 812 4006 intervallis
821 3956 901 4006 Lach.
914 3957 1016 4019 acutely
1024 3957 1065 4006 for
1073 3959 1109 4005 Et
1120 3958 1224 4019 pacatis
1234 3957 1286 4007 int.
1314 3958 1354 4007 Et

146 4054 221 4102 quom
233 4040 376 4089 intervallis
387 4042 466 4089 tantis
479 4040 544 4090 Mar.
556 4038 614 4088 Ald.
628 4039 642 4088 1
655 4039 728 4088 Junt.
740 4040 809 4102 vulg.
844 4042 881 4089 Et
893 4042 973 4089 tantis
984 4041 1127 4090 intervallis
1138 4038 1213 4088 Walr.
1302 4038 1354 4090 400

145 4128 169 4170 et
180 4122 288 4172 discedit
298 4120 356 4171 Vat.
371 4122 436 4173 3276
448 4121 512 4172 Mar.
524 4120 581 4172 Ald.
595 4123 608 4170 1
620 4121 694 4170 Junt.
706 4121 747 4170 for
757 4122 886 4172 edtacedit.
969 4122 1016 4170 403
1029 4123 1123 4171 ciream
1132 4119 1201 4170 Flor.
1215 4119 1247 4169 31
1261 4119 1350 4171 03331).

145 4213 210 4250 corr.
231 4199 297 4250 Mar.
317 4200 358 4251 for
376 4208 475 4250 metum.
588 4200 637 4249 404
654 4199 747 4249 remota
766 4199 788 4246 B
808 4213 872 4250 corr.
892 4198 972 4248 Laoh.
992 4199 1033 4248 for
1048 4207 1126 4249 carnot
1143 4198 1174 4257 B,
1191 4206 1300 4248 remotas
1318 4199 1349 4256 Δ,

144 4280 244 4330 reraott's
260 4279 331 4342 vulg.
414 4279 462 4329 405
480 4279 614 4328 aetherias.
648 4279 732 4328 mas
747 4277 844 4328 Leon:
862 4276 972 4328 without
989 4292 1041 4340 any
1056 4277 1111 4339 just
1127 4290 1204 4326 cause
1220 4274 1255 4326 ha
1271 4275 1351 4326 311333

146 4359 200 4411 this
218 4361 271 4411 and
290 4375 371 4424 many
388 4375 509 4424 passages
528 4361 557 4410 of
573 4359 655 4423 Virgil
672 4360 723 4412 and
740 4359 828 4411 others
846 4376 881 4412 on
898 4359 943 4410 the
960 4358 1124 4423 assumption
1142 4359 1202 4410 that
1220 4360 1351 4410 aetheriae
