2834 4792
674 223 724 288 VI

179 392 213 449 et
235 383 355 470 quibus
376 384 488 450 effiant
509 385 614 450 musis
635 394 771 472 apparet
793 386 903 474 origo;

178 487 277 553 ianua
296 509 339 552 ne
361 488 443 552 forte
465 487 516 553 his
538 489 614 554 Orci
635 489 822 577 regionibus
844 512 913 555 esse

178 591 337 668 credatur,
358 600 432 678 post
454 592 530 657 hinc
551 592 676 658 animas
698 594 895 659 Acheruntis
917 594 950 658 in
974 617 1045 660 oras

178 693 296 759 ducere
319 695 400 760 torte
423 694 499 760 deos
521 695 626 760 manis
647 696 772 761 inferne
794 719 931 772 reamur,

180 797 313 863 naribus
334 799 476 886 alipedes
499 808 537 864 ut
559 800 646 865 cervi
667 823 763 886 saepe
785 809 945 886 putantur
1230 818 1248 881 7
1271 783 1362 861 ²65

180 900 297 965 ducere
319 901 360 967 de
382 902 514 968 latebris
536 903 699 988 serpentia
721 903 827 967 saecla
849 903 996 967 ferarum.

179 1004 266 1088 quod
286 1006 397 1090 procul
419 1028 440 1070 a
461 1029 536 1071 vera
559 1029 656 1092 quam
678 1007 722 1071 sit
743 1007 868 1072 ratione
890 1007 1055 1093 repulsum

180 1108 327 1194 percipe;
355 1133 430 1175 nam
454 1111 495 1175 de
517 1133 551 1175 re
574 1133 661 1175 nunc
683 1111 754 1196 ipsa
775 1110 880 1176 dicere
903 1134 1004 1176 conor.

222 1211 384 1296 Principio
407 1214 466 1278 hoc
488 1213 567 1290 dico,
590 1214 676 1298 quod
698 1213 766 1278 dixi
788 1236 884 1300 saepe
907 1236 1035 1300 quoque
1058 1222 1146 1291 ante,

179 1315 214 1379 in
237 1323 323 1380 terra
344 1316 499 1402 cuiusque
522 1317 610 1381 modi
631 1338 739 1381 rerum
762 1339 831 1382 esse
853 1317 991 1403 figuras3
1233 1309 1360 1398 7ffl⁰

182 1417 295 1494 multa,
317 1417 389 1482 cibo
411 1441 493 1504 quae
516 1427 602 1497 sunt,
624 1419 745 1496 vitalia
768 1420 945 1505 multaque,
967 1420 1094 1485 morbos

181 1519 327 1584 incutere
349 1529 383 1584 et
406 1530 544 1584 mortem
566 1543 650 1605 quae
672 1519 796 1605 possint
817 1521 1006 1586 adcelerare.

180 1633 215 1688 et
236 1623 341 1711 magis
363 1646 431 1688 esse
454 1623 526 1688 asie
548 1624 627 1688 alias
649 1624 870 1689 animantibus
892 1632 985 1711 aptas

181 1749 232 1792 res
253 1727 295 1791 ad
317 1727 398 1792 vitai
420 1728 578 1792 rationem
602 1729 803 1794 ostendimus
825 1737 902 1793 ante

180 1839 312 1916 propter
334 1831 522 1895 dissimilem
545 1841 695 1896 naturam
717 1831 947 1917 dissimilisque
1236 1811 1371 1912 775l

182 1943 328 2000 texturas
351 1935 436 2000 inter
457 1957 526 2000 sese
549 1935 732 2021 primasque
754 1935 883 2021 figuras.

181 2039 286 2103 multa
308 2048 418 2104 meant
441 2038 571 2104 inimica
593 2061 650 2125 per
671 2037 767 2115 auris,
791 2038 896 2101 multa
917 2057 975 2122 per
997 2035 1083 2121 ipsas

182 2141 348 2207 insinuant
372 2144 457 2207 naris
479 2143 598 2208 infesta
620 2133 719 2228 atque
741 2165 853 2226 aspera
875 2140 973 2216 iactu,

182 2268 242 2310 nec
264 2255 341 2310 sunt
364 2247 469 2311 multa
491 2269 604 2331 parum
629 2254 720 2311 tactu
743 2247 878 2311 vit-anda
899 2267 1004 2331 neque
1027 2252 1138 2308 autem

182 2359 314 2434 aspectu
339 2349 492 2436 fugienda
513 2371 688 2435 saporeque
711 2349 819 2414 tristia
840 2371 923 2434 quae
946 2349 1019 2413 sint.
1236 2351 1297 2429 780
1317 2332 1394 2390 Δ

228 2452 355 2517 Deinde
379 2452 487 2516 videre
510 2452 586 2516 licet
609 2475 706 2537 quam
728 2451 851 2516 multae
874 2450 940 2515 sint
962 2451 1085 2516 homini
1108 2473 1159 2516 res

183 2555 300 2618 acriter
323 2555 439 2619 infesto
461 2576 556 2618 sensu
580 2576 776 2639 spurcaeque
799 2575 995 2640 gravesque3

183 2656 349 2721 arboribus
372 2657 511 2742 primum
535 2656 631 2720 certis
653 2656 759 2743 gravis
782 2656 897 2720 umbra
919 2654 1044 2719 tributa

185 2782 287 2844 usque
310 2760 399 2836 adeo,
422 2760 538 2845 capitis
560 2761 680 2823 faciant
702 2768 741 2823 ut
763 2782 858 2844 saepe
882 2759 1013 2834 dolores,

183 2864 284 2950 siquis
307 2888 360 2929 eas
383 2874 494 2950 supter
516 2864 616 2928 iacuit
639 2873 818 2949 prostratus
840 2864 873 2927 in
897 2863 1012 2928 herbis.
1236 2868 1296 2944 785

183 2979 233 3034 est
256 2969 354 3034 etiam
377 2969 504 3054 magnis
528 2968 693 3033 Heliconis
715 2968 881 3032 montibus
903 2967 995 3031 arbos

99 3242 227 3289 structure
239 3240 267 3288 ol
283 3239 328 3289 the
340 3243 460 3288 sentence
471 3238 566 3301 calling
581 3239 621 3288 for
632 3254 648 3288 a
659 3238 829 3300 subjunctive.
896 3239 942 3290 761
955 3241 1037 3300 efflant
1049 3238 1133 3287 causis
1144 3236 1224 3287 Laoh.
1237 3237 1301 3286 fore

89 3322 160 3384 fiant
177 3324 273 3371 causis:
298 3321 409 3383 perhaps
429 3323 527 3384 ecfiaut.
562 3337 574 3370 e
594 3323 676 3371 causis
692 3324 761 3385 fiant
781 3322 850 3371 Flor.
871 3323 902 3370 31
922 3320 1010 3370 Gamb.
1034 3322 1048 3369 3
1072 3319 1131 3369 Vat.
1149 3320 1215 3369 Mar.
1232 3320 1301 3380 vulg.

97 3402 194 3467 rightly
205 3405 324 3466 perhaps.
473 3405 519 3455 762
531 3420 561 3452 oe
568 3406 636 3467 forte
649 3406 687 3453 hie
699 3405 748 3452 Ed.
761 3405 800 3453 for
811 3420 842 3453 ae
851 3406 941 3467 pateis.
976 3419 1006 3452 ue
1015 3405 1086 3466 potis
1097 3404 1120 3452 A
1131 3417 1195 3454 corr.
1211 3403 1299 3453 Nice:

99 3486 211 3550 perhaps
227 3491 250 3536 ie
267 3487 360 3536 should
378 3486 408 3536 he
425 3486 547 3536 retained.
578 3489 663 3550 puteis
681 3486 791 3537 Turneb.
827 3488 916 3536 Puteir
932 3485 1011 3535 Lach.
1029 3485 1047 3534 i.
1055 3500 1078 3534 e.
1095 3485 1301 3535 Puteolanisza

100 3569 172 3630 quite
187 3568 360 3631 unexampled
375 3570 451 3626 form,
467 3567 520 3617 and
534 3572 581 3617 not
599 3568 612 3616 I
623 3568 699 3616 think
712 3568 794 3617 suited
810 3571 838 3616 to
850 3567 894 3617 the
906 3571 1017 3617 context.
1051 3582 1081 3615 na
1090 3569 1176 3627 potius
1187 3566 1257 3615 Flor.
1270 3568 1300 3615 31

98 3649 187 3699 (lamb.
200 3651 216 3697 2
227 3650 286 3699 Vat.
298 3651 362 3700 Mar.
375 3654 436 3700 ete:
454 3650 534 3699 henes
546 3649 637 3699 Lamb.
649 3666 679 3698 ne
692 3651 730 3698 hie
744 3651 803 3698 Orci
811 3651 904 3711 potius.
939 3664 970 3697 ue
978 3650 1063 3711 posita
1076 3649 1126 3696 biis
1137 3646 1212 3695 Wak.

133 3732 181 3785 763
189 3739 247 3794 post
257 3734 323 3781 hinc.
354 3740 437 3794 posta,
450 3733 507 3781 hinc
520 3731 585 3780 Mar.
597 3732 671 3780 Juut.
683 3731 774 3780 Lamb.
789 3735 838 3779 ete.
991 3729 1039 3779 764
1050 3729 1147 3790 inferne
1158 3726 1250 3776 Lamb.
1263 3727 1303 3776 for

98 3815 209 3877 insano.
341 3814 390 3865 768
401 3829 459 3862 uam
471 3817 501 3862 dc
512 3829 538 3862 re
549 3829 615 3863 uuae
627 3817 683 3875 ipsa
693 3813 725 3861 B.
760 3815 789 3861 de
800 3828 826 3861 re
839 3826 888 3862 om.
904 3811 939 3860 A:
958 3810 1040 3860 hence
1053 3809 1162 3859 omitted
1174 3824 1203 3858 or
1214 3812 1299 3858 trans·

98 3894 178 3956 posed
188 3893 217 3943 in
228 3895 293 3944 later
304 3909 367 3943 mse.
400 3909 506 3956 eamque
517 3897 573 3956 ipso
585 3897 614 3943 de
626 3910 652 3944 rc
664 3895 731 3955 vulg.
833 3894 880 3944 771
893 3895 948 3942 cibo
960 3908 1024 3956 quoe
1036 3899 1095 3940 eunt
1106 3890 1180 3941 Wak.
1193 3890 1250 3939 first
1261 3891 1302 3939 lor

98 3979 152 4025 cibo
164 3993 224 4040 eque
235 3985 301 4026 suut.
338 3977 432 4026 homiui
443 3991 506 4039 quoe
517 3984 575 4025 suat
587 3975 678 4025 Lamh.
690 3980 738 4024 eto.
870 3976 917 4026 777
930 3976 1000 4023 auris
1012 3972 1077 4021 Mar.
1091 3971 1152 4036 (aco.
1165 3974 1193 4021 to
1205 3971 1302 4021 Victor.
1408 4021 1411 4028 ,

99 4058 145 4108 hut
157 4058 243 4108 notin
256 4061 317 4120 ms.)
328 4058 384 4109 Ald.
402 4060 415 4106 1
427 4058 501 4107 Junt.
512 4057 552 4106 for
563 4073 648 4107 auras.
759 4057 807 4108 778
819 4071 909 4117 aspera
920 4057 990 4104 iactu
1002 4053 1050 4104 Ed
1063 4053 1105 4102 tor
1116 4068 1206 4116 aspero
1218 4060 1301 4102 tactu:

99 4143 189 4201 iacere,
204 4142 317 4190 adiectus
334 4154 377 4189 are
394 4139 515 4202 specially
526 4138 583 4188 said
599 4140 628 4188 of
643 4137 725 4196 small,
743 4152 772 4186 as
789 4152 810 4186 11
828 4137 875 4186 846
892 4151 920 4185 1v
937 4137 1000 4188 673:
1019 4134 1172 4197 compulso
1189 4149 1211 4183 11
1229 4135 1301 4185 1047.

99 4224 185 4275 Bentl.
199 4223 304 4273 defends
320 4229 396 4280 tactu,
412 4221 522 4284 perhaps
537 4220 642 4284 rightly.
675 4236 765 4283 aspero
780 4222 874 4269 adactu
888 4219 981 4268 Lech:
1000 4218 1046 4267 hut
1064 4220 1158 4266 adactu
1173 4216 1303 4279 impliesa

100 4306 197 4354 violent
208 4305 295 4355 thrust
306 4319 335 4354 or
345 4304 428 4362 effert,
441 4319 469 4353 as
480 4305 506 4353 ol
517 4318 533 4352 a
543 4318 656 4366 weapon,
671 4318 686 4351 a
698 4303 779 4351 tooth.
813 4303 886 4350 odore
897 4300 988 4350 Lamb.
1001 4300 1040 4351 ed.
1055 4302 1071 4348 2
1082 4299 1136 4349 and
1146 4301 1171 4348 3.

133 4390 181 4440 780
194 4391 280 4438 tristia
290 4387 360 4437 Flor.
372 4387 404 4435 31
416 4385 505 4436 Gamb.
518 4387 588 4436 Mon.
601 4386 659 4436 Ver.
672 4384 736 4434 Van.
750 4385 790 4434 for
801 4387 919 4434 tristitia.
1018 4384 1065 4434 788
1077 4385 1134 4432 ideo
1146 4385 1220 4432 terris
1238 4381 1303 4431 Mar.
