2834 4792
187 343 294 409 insula
315 365 412 429 quem
435 344 603 430 triquetris
625 355 784 411 terrarum
806 346 907 432 gessit
929 345 964 410 in
987 346 1059 423 oris,

188 447 590 551 quamyfluitansqoiroum,
607 449 734 537 magnis
756 449 955 515 anfractibus
977 473 1096 536 aequor

188 550 463 657 loniumngauois
484 552 629 640 aspargit
651 554 740 619 virus
761 554 803 619 ab
826 555 929 631 undis,

170 654 391 742 ¹angustoque
413 655 499 722 fretu
521 657 670 743 rapidum
693 680 781 723 mare
802 658 921 724 dividit
944 658 1039 725 undis

190 757 306 823 Italiae
328 766 485 823 terrarum
508 780 579 823 oras
600 781 621 824 a
642 759 762 824 finibus
784 760 862 826 eius.

189 861 242 926 hio
265 870 314 927 est
336 871 429 927 vasta
451 861 633 949 Charybdis
655 871 690 928 et
712 863 765 928 hio
786 864 934 929 Aetnaea
956 864 1123 930 minantur

58 975 65 983 ‘
136 962 139 967 ’
190 986 357 1030 murmura
377 964 579 1030 flammarum
601 988 729 1030 rursum
751 988 786 1030 se
808 966 956 1053 colligere
979 965 1052 1043 iras,

190 1066 337 1132 faucibus
359 1076 490 1153 eruptos
512 1067 632 1133 iterum
655 1068 705 1133 vis
727 1077 765 1133 ut
787 1079 896 1133 vomat
919 1069 1004 1155 ignis

189 1169 231 1234 ad
252 1171 440 1257 caelumque
463 1172 546 1236 ferat
567 1170 710 1235 flammai
733 1172 861 1257 fulgura
882 1194 1019 1237 rursum.

190 1268 272 1357 quie
294 1295 369 1338 cum
390 1295 510 1361 magne
532 1272 636 1338 modis
659 1273 772 1338 multis
794 1272 941 1339 miranda
967 1273 1097 1338 videtur

190 1375 343 1463 gentibus
364 1376 516 1442 humanis
537 1377 626 1464 regio
649 1377 846 1462 visendaque
870 1377 979 1454 fertur,

179 1478 286 1544 rebus
308 1479 416 1565 opima
437 1479 538 1556 bonis,
559 1479 665 1544 multa
687 1479 817 1543 munita
838 1479 943 1543 virum
966 1478 1007 1558 vi,
1089 1500 1095 1511 ·

191 1580 238 1643 nil
260 1589 371 1646 tamen
393 1581 454 1645 hoe
475 1581 627 1646 habuisse
651 1581 718 1645 viro
740 1580 935 1666 praeclarius
956 1581 992 1645 in
1013 1604 1047 1646 se

191 1704 250 1746 neo
272 1691 419 1747 sanctum
442 1682 545 1769 magis
567 1692 602 1748 et
624 1684 742 1747 mirum
766 1705 940 1769 carumque
963 1684 1099 1749 videtur.

192 1788 334 1852 carmina
355 1788 435 1874 quin
457 1789 557 1854 etiam
580 1788 682 1853 divini
705 1788 845 1873 pectoris
868 1788 938 1852 eius

191 1892 406 1957 vociferantur
428 1901 462 1958 et
485 1901 652 1978 exponunt
674 1894 836 1979 praeclara
857 1902 994 1978 reperta,

194 2005 232 2060 ut
254 1996 307 2060 vix
330 1996 473 2061 humana
495 1997 644 2062 videatur
666 1998 767 2083 stirpe
790 2006 922 2063 oreatus.

235 2099 299 2164 Hic
322 2108 434 2164 tamen
456 2109 490 2165 et
512 2123 610 2187 supra
632 2124 711 2187 quos
732 2100 874 2165 diximus
897 2101 1061 2165 inferiores

192 2203 338 2288 partibus
360 2204 488 2291 egregie
511 2203 623 2269 multis
645 2204 813 2290 multoque
836 2204 983 2281 minores,

193 2327 388 2393 quamquam
411 2306 516 2371 multa
538 2306 620 2371 bene
643 2330 680 2371 ao
702 2307 860 2371 divinitus
882 2307 1086 2372 invenientes

192 2432 232 2474 ex
254 2411 352 2497 adyto
374 2418 541 2497 tamquam
564 2411 666 2475 cordis
687 2433 839 2496 responsa
859 2411 975 2476 dedere

192 2516 334 2581 sanctius
356 2526 390 2582 et
412 2516 516 2581 multo
538 2524 627 2581 certa
648 2516 775 2581 ratione
796 2516 899 2602 magis
921 2537 1018 2600 quam

192 2619 311 2706 Pythia
332 2642 415 2706 quae
437 2620 558 2706 tripodi
579 2642 599 2684 a
622 2620 745 2684 Phoebi
767 2620 920 2705 lauroque
942 2619 1096 2705 profatur,

192 2723 358 2810 principiis
380 2733 491 2789 tamen
513 2724 548 2788 in
570 2746 677 2789 rerum
701 2724 803 2788 fecere
826 2723 935 2788 ruinas

146 2854 150 2859 ·
192 2836 226 2892 et
247 2828 390 2915 graviter
410 2828 521 2915 magni
544 2849 661 2914 magno
683 2827 825 2891 cecidere
848 2827 895 2891 ibi
917 2849 1010 2906 casu;

192 2930 333 3016 primum
355 2931 441 3017 quod
463 2939 572 2996 motus
594 2941 745 3016 exempto
769 2930 864 2994 rebus
887 2929 976 2993 inani

191 3033 402 3112 constituunt,
426 3042 460 3099 et
481 3056 532 3099 res
554 3033 659 3098 mollis
680 3054 831 3116 rarasque
854 3032 1047 3116 relinquont,

86 3224 89 3229 Ι
193 3160 267 3204 aera
288 3138 387 3203 solem
409 3138 519 3225 ignem
542 3147 643 3203 terras
665 3136 817 3201 animalia
841 3135 951 3221 frugis,

100 3366 125 3415 B
139 3363 321 3415 dotalem.
355 3363 647 3427 loapierroeseApm.
684 3364 800 3424 lorumque
812 3376 906 3412 errasse
917 3360 989 3410 Nico.
1000 3364 1048 3411 eto.
1164 3361 1307 3413 ltoondie.

100 3446 205 3495 undam
214 3443 294 3495 Iraolr.
329 3446 411 3494 abrae
420 3444 507 3504 Bern,
519 3443 628 3494 without
638 3456 723 3493 oause.
757 3442 875 3492 Priscian
887 3457 897 3490 1
909 3441 1073 3491 sseonfirms
1085 3442 1167 3493 aredis.
1260 3442 1306 3494 721

101 3528 202 3577 Italiae
216 3525 287 3577 Nion.
303 3526 345 3576 lor
360 3527 477 3577 Hostiae.
520 3527 645 3577 Haeoliae
665 3525 688 3573 A
707 3538 772 3574 eorr.
812 3526 915 3573 Aeoliae
937 3523 1027 3574 Heius.
1048 3523 1076 3572 in
1095 3538 1144 3572 ms.
1162 3526 1236 3572 notes
1255 3522 1308 3572 and

102 3610 141 3661 Is.
160 3607 268 3659 Vossius
280 3607 339 3659 who
353 3622 413 3671 says
427 3607 457 3657 in
471 3622 519 3658 ms.
534 3612 609 3657 notes
621 3612 696 3658 ‘mss
710 3607 807 3656 habent
822 3608 947 3656 Hoeoliae
964 3607 1004 3656 rel
1015 3609 1125 3656 Aeoliae.
1163 3605 1229 3655 Puto
1245 3606 1308 3654 olim

102 3690 144 3739 sio
154 3687 251 3739 diotam
260 3702 319 3738 eam
329 3692 432 3752 partem
441 3688 534 3739 Italiae
544 3702 623 3750 quam
634 3686 790 3737 inhabitavit
801 3686 918 3737 Jooastes
932 3686 1005 3736 Aeoli
1020 3686 1089 3735 filius
1105 3684 1149 3748 qui
1164 3685 1197 3737 ad
1212 3686 1308 3734 fretum

105 3768 225 3822 Siculum
234 3767 384 3821 habitabat:
401 3768 459 3819 vid:
479 3768 623 3819 Diodorum
638 3769 681 3819 lib.
695 3770 718 3818 t.
731 3768 782 3831 [oh.
795 3771 821 3831 8]
836 3768 868 3818 G.
881 3768 920 3817 V.’
954 3767 1026 3817 Thus
1042 3767 1144 3830 Preiger
1158 3766 1211 3817 and
1225 3767 1307 3816 Lach-

103 3849 212 3900 mann’s
226 3848 308 3900 doubt
322 3849 347 3899 is
366 3848 461 3900 solrod.
502 3849 610 3900 Havsro.
631 3847 684 3898 and
699 3847 773 3897 Wak.
791 3848 846 3898 also
867 3846 946 3910 adopt
966 3847 1019 3897 this
1038 3846 1144 3909 reading
1163 3847 1192 3897 oi
1210 3845 1308 3896 Gerard

103 3929 192 3982 iathar
201 3929 231 3981 oi
238 3929 274 3981 Is.
284 3928 401 3981 Vossius.
509 3929 557 3981 ‘124
567 3931 607 3978 vo
618 3936 647 3978 ot
658 3935 741 3978 veneat
751 3928 842 3977 Lamb.
855 3928 895 3978 ed.
907 3931 922 3977 3
938 3928 978 3977 for
992 3930 1032 3977 vie
1047 3935 1075 3976 ut
1090 3929 1193 3976 muniat.
1226 3933 1254 3974 ot
1269 3929 1308 3975 vie

104 4018 205 4064 evomat
219 4010 259 4065 sd.
279 4012 294 4062 1
309 4010 363 4063 and
379 4012 394 4060 2
411 4010 478 4061 aiter
493 4010 558 4061 Mar.
576 4010 634 4061 Ald.
652 4011 666 4059 1
683 4011 756 4062 Junt.
776 4014 823 4061 eto.
951 4011 997 4062 725
1014 4009 1106 4059 Heius.
1123 4008 1151 4057 in
1167 4022 1216 4058 ms.
1234 4011 1308 4058 notes

28 4108 37 4125 ·
106 4095 172 4157 ‘lea
190 4093 310 4156 Μ’,
328 4096 357 4145 to
378 4091 454 4144 avoid
475 4092 520 4143 the
541 4092 680 4157 repetition
701 4092 728 4142 ot
746 4107 851 4143 eorsum.
1019 4093 1067 4143 737
1084 4092 1162 4154 adyto
1179 4088 1248 4140 Nino.
1269 4089 1310 4139 tor

15 4248 20 4253 Ι
106 4179 188 4229 adito.
240 4176 289 4228 799
294 4174 525 4247 presatrerAqorr.
534 4173 605 4224 Nino.
615 4174 656 4223 for
661 4181 788 4238 prosator.
853 4174 900 4225 741
912 4171 1081 4223 cosquorr.
1090 4171 1162 4220 Nioo.
1171 4170 1211 4219 for
1223 4186 1308 4220 causo.

155 4259 296 4324 ‘lustrata
305 4256 350 4305 AB
360 4254 431 4305 Flor.
443 4255 474 4303 31
486 4258 532 4306 eto.
545 4259 593 4304 not
604 4254 688 4305 Nion:
706 4269 735 4304 so
746 4269 774 4304 rv
784 4257 832 4308 577
843 4254 897 4304 and
909 4255 956 4305 992
968 4256 1035 4303 voee'a
1046 4253 1099 4301 AB.
1129 4253 1217 4315 fruges
1228 4251 1308 4302 Laoh.

105 4340 160 4393 and
174 4340 193 4391 l.
209 4338 228 4391 l.
246 4351 332 4389 eoru:
353 4336 387 4389 he
402 4350 463 4401 says
480 4335 681 4400 ‘[membranas]
698 4336 816 4398 quamvis
834 4335 1025 4386 eonsentientes
1042 4332 1140 4384 imitari
1159 4348 1239 4384 ausus
1256 4350 1308 4384 non
