2834 4792
450 827 489 903 T.
531 827 761 904 LUORETI
805 828 931 905 CARI

326 1075 416 1160 DE
474 1076 721 1163 RERUM
782 1076 1070 1164 NATURA

524 1364 655 1424 LIBER
683 1365 876 1436 QUINTUS

185 1735 268 1816 Quis
290 1738 375 1823 potis
397 1747 447 1803 est
469 1737 604 1824 dignum
628 1737 764 1824 pollenti
785 1747 914 1825 pectore
937 1762 1067 1806 carmen

186 1839 321 1904 condere
343 1862 401 1926 pro
422 1862 529 1904 rerum
552 1840 723 1905 maiestate
745 1841 860 1927 hisque
881 1843 1042 1927 repertis?

187 1943 298 2030 quisve
322 1944 407 2008 volet
430 1944 535 2009 verbis
557 1953 687 2010 tantum
709 1946 766 2031 qui
788 1945 907 2032 fingere
930 1947 1041 2013 laudes

187 2071 244 2134 pro
267 2047 392 2113 meritis
413 2047 484 2112 eius
505 2047 607 2133 possit
629 2047 686 2133 qui
709 2048 789 2113 talia
809 2050 903 2114 nobis

186 2160 315 2238 pectore
339 2161 432 2235 parta
453 2173 512 2216 suo
534 2152 741 2238 quaesitaque
763 2153 906 2238 praemia
928 2153 1049 2240 liquit?

187 2274 290 2329 nemo,
313 2260 351 2316 ut
373 2253 493 2338 opinor,
516 2254 579 2318 erit
601 2252 729 2318 mortali
751 2276 881 2340 corpore
903 2264 1017 2320 cretus.

145 2394 151 2410 ·
187 2376 263 2418 nam
286 2355 321 2430 si,
345 2365 382 2418 ut
404 2355 474 2441 ipsa
495 2356 581 2441 petit
603 2356 755 2420 maiestas
777 2357 908 2443 cognita
930 2380 1046 2436 rerum,

187 2456 358 2522 dicendum
382 2466 441 2535 est,
463 2457 543 2523 deus
566 2459 620 2523 ille
643 2459 714 2536 fuit,
736 2458 824 2534 deus,
847 2459 967 2546 inclyte
992 2461 1137 2539 Memmi,

187 2561 244 2646 qui
266 2561 414 2646 princeps
437 2562 523 2627 vitae
546 2563 704 2626 rationem
727 2562 853 2627 invenit
875 2585 947 2627 eam
970 2586 1053 2649 quae

187 2687 273 2728 nuno
295 2665 479 2749 appellatur
500 2665 668 2750 sapientia,
691 2666 812 2751 quique
836 2688 893 2751 per
914 2675 1017 2731 artem

188 2768 341 2832 fluetibus
363 2792 381 2833 e
404 2770 505 2834 tantis
527 2770 629 2833 vitam
652 2770 817 2855 tantisque
841 2771 985 2835 tenebris

188 2872 222 2936 in
246 2881 313 2936 tam
337 2874 511 2959 tranquillo
535 2883 568 2938 et
591 2883 659 2938 tam
681 2873 767 2938 olam
789 2874 860 2938 luce
883 2874 1008 2939 locavit.

188 2977 296 3040 confer
318 2976 405 3041 euim
427 2978 538 3042 divina
559 2978 694 3041 aliorum
718 2978 853 3064 antiqua
874 2987 1009 3064 reperta.

188 3103 328 3166 namque
351 3080 448 3146 Ceres
471 3082 573 3145 fertur
595 3083 703 3168 fruges
726 3082 886 3167 Liberque
909 3083 1041 3168 liquoris

188 3184 325 3271 vitigeni
348 3184 476 3249 laticem
499 3186 689 3250 mortalibus
712 3186 911 3266 instituisse3

189 3308 263 3350 oum
286 3294 397 3350 tamen
420 3287 470 3350 his
493 3296 600 3372 posset
623 3287 692 3351 sine
714 3287 811 3350 rebus
833 3287 902 3351 vita
923 3310 1062 3364 manere,

189 3398 228 3454 ut
251 3390 335 3454 fama
358 3399 408 3455 est
429 3391 554 3475 aliquas
577 3391 676 3454 etiam
698 3413 785 3454 nuuc
807 3390 914 3454 vivere
936 3392 1051 3477 gentis.

190 3501 225 3557 at
247 3494 329 3558 bene
351 3517 416 3558 non
438 3505 566 3580 poterat
588 3494 656 3559 sine
679 3517 759 3579 puro
781 3503 910 3580 pectore
933 3496 1015 3574 vivi3

191 3619 253 3683 quo
276 3598 379 3684 magis
401 3597 453 3661 hic
476 3597 592 3661 merito
614 3598 707 3661 nobis
729 3598 809 3662 deus
832 3620 900 3661 esse
924 3597 1061 3674 videtur,

190 3723 229 3764 ex
252 3722 315 3785 quo
337 3722 423 3763 nuno
445 3700 545 3763 etiam
567 3722 624 3784 per
646 3722 780 3785 magnas
801 3699 905 3764 didita
927 3700 1034 3786 gentis

190 3803 298 3867 dulcia
319 3802 520 3889 permulcent
543 3802 666 3865 animos
688 3802 805 3866 solacia
829 3802 925 3866 vitae.

191 3907 342 3972 Herculis
364 3906 520 3971 antistare
543 3914 654 3970 autem
676 3906 704 3970 si
727 3907 812 3970 faeta
834 3907 974 3991 putabis

190 4010 318 4097 longius
339 4033 359 4075 a
383 4033 456 4075 vera
478 4011 582 4077 multo
604 4010 729 4075 ratione
751 4011 860 4076 ferere.

191 4114 270 4201 quid
292 4114 477 4179 Nemeaeus
499 4115 587 4179 enim
609 4114 701 4177 nobis
723 4136 810 4178 nuno
832 4136 970 4201 maguus
993 4115 1103 4179 hiatus

154 4291 170 4337 2
186 4290 317 4338 maiestate
329 4289 416 4351 triaque
427 4291 533 4351 repertio
543 4286 635 4337 Iamb.
648 4286 688 4335 lor
698 4289 838 4337 maiestatis
849 4295 925 4350 atque
936 4290 1055 4350 repertio:
1072 4286 1106 4336 he
1117 4301 1244 4350 proposes
1256 4292 1314 4344 also

104 4372 234 4420 maiestate
245 4377 320 4433 atque
331 4385 353 4420 r.
386 4371 572 4431 maiestatisque
583 4371 688 4432 repertis
699 4368 770 4418 Nioo.
782 4368 881 4418 undull
893 4367 979 4418 before
989 4368 1081 4418 Lamb.
1169 4372 1203 4418 12
1217 4374 1315 4426 locavit
