2834 4792
710 200 741 264 V

202 365 336 430 forsitan
358 373 393 430 et
414 386 506 429 rosea
527 363 574 429 sol
596 363 663 428 alte
685 361 834 449 lampade
856 362 968 428 lucens

201 468 365 555 possideat
387 468 530 532 multum
551 466 654 532 caecis
676 464 855 531 fervoribus
876 465 987 552 ignem

202 569 323 634 circum
344 592 389 647 se,
410 569 501 635 nullo
522 568 580 654 qui
602 569 646 634 sit
668 568 792 655 fulgore
814 576 957 646 notatus,

201 673 334 738 aestifer
355 681 394 738 ut
416 680 547 738 tantum
569 673 732 737 radiorum
754 680 916 759 exaugeat
938 671 1048 738 ictum

247 774 318 841 Nec
340 775 423 840 ratio
446 775 522 840 solis
543 776 681 861 simplex
704 783 732 841 et
754 782 843 840 certa
864 775 1014 861 patescit,

202 901 267 965 quo
288 888 383 966 pacto
405 879 537 945 aestivis
559 901 578 945 e
599 878 748 964 partibus
769 877 968 965 aegocerotis

202 983 358 1049 brumalis
380 983 477 1048 adeat
499 983 602 1048 flexus
624 991 724 1068 atque
746 982 822 1047 inde
844 990 1010 1047 revertens

202 1087 308 1151 cancri
330 1109 365 1151 se
387 1096 426 1151 ut
448 1094 556 1151 vertat
577 1095 682 1150 metas
704 1085 745 1150 ad
767 1084 956 1173 solstitialis,

203 1191 344 1276 lunaque
367 1190 533 1255 mensibus
554 1188 587 1253 id
611 1189 754 1275 spatium
777 1187 927 1254 videatur
948 1187 1046 1266 obire,

203 1316 311 1358 annua
332 1294 378 1358 sol
402 1294 437 1358 in
459 1315 523 1379 quo
545 1293 707 1357 consumit
729 1300 877 1378 tempora
898 1313 1003 1358 cursu.

203 1421 276 1476 non,
299 1398 441 1484 inquam,
464 1398 601 1484 simplex
624 1398 675 1463 his
697 1397 794 1462 rebus
815 1397 943 1463 reddita
964 1406 1100 1463 eausast.

203 1525 277 1567 nam
301 1503 371 1567 fieri
394 1503 445 1569 vel
468 1525 542 1567 cum
566 1502 679 1588 primis
700 1501 735 1566 id
757 1524 848 1587 posse
871 1501 1009 1581 videtur,

202 1606 382 1672 Democriti
404 1606 489 1692 quod
513 1614 626 1670 sancta
646 1604 708 1670 viri
731 1604 895 1675 sententia
916 1605 1017 1691 ponit,

202 1719 324 1795 quanto
347 1732 495 1796 quaeque
517 1709 621 1796 magis
643 1708 709 1773 sint
732 1717 853 1774 terram
875 1708 980 1773 sidera
1001 1716 1144 1795 propter,

203 1822 296 1879 tanto
318 1835 409 1899 posse
433 1813 541 1878 minus
563 1835 637 1877 cum
660 1812 741 1877 caeli
764 1811 895 1878 turbine
917 1811 1000 1878 ferri

204 1941 391 1985 evanescere
414 1918 502 1982 enim
524 1917 652 2002 rapidas
674 1917 762 1982 illius
785 1925 819 1982 et
840 1917 922 1982 acris

204 2020 354 2087 imminui
376 2028 489 2106 supter
512 2019 597 2098 viris,
621 2019 758 2105 ideoque
780 2019 920 2105 relinqui

203 2125 361 2211 paulatim
383 2124 482 2190 solem
504 2147 578 2189 oum
601 2123 824 2210 posterioribu'
847 2123 959 2211 signio,

202 2228 334 2294 inferior
357 2230 460 2292 multo
483 2228 569 2314 quod
590 2227 634 2293 sit
656 2251 754 2314 quam
777 2228 900 2294 fervida
921 2227 1022 2315 signa.

203 2340 237 2396 et
260 2330 364 2418 magis
387 2331 446 2395 hoo
468 2331 597 2396 lunam:
627 2339 750 2415 quanto
772 2329 939 2396 demissior
961 2331 1032 2397 eius

203 2452 314 2495 cursus
336 2430 429 2494 abest
452 2430 562 2515 procul
585 2453 605 2493 a
627 2430 714 2495 caelo
737 2430 895 2516 terrisque
917 2431 1121 2516 propinquat,

203 2543 296 2599 tanto
320 2556 411 2619 posse
434 2534 542 2599 minus
564 2557 639 2599 cum
661 2534 918 2619 signis·tendere
940 2557 1079 2602 cursum.

203 2635 382 2701 flaccidiore
405 2637 526 2701 etenim
550 2645 672 2722 quanto
695 2637 759 2701 iam
783 2637 913 2703 turbine
936 2638 1040 2702 fertur

202 2738 333 2803 inferior
355 2762 452 2825 quam
475 2739 530 2816 sol,
553 2747 645 2804 tanto
668 2740 772 2826 magis
794 2740 903 2805 omnia
924 2740 1018 2826 signa

203 2842 286 2906 hano
308 2841 532 2927 adipiscuntur
553 2840 674 2906 circum
697 2851 889 2928 praeterque
912 2844 1068 2910 feruntur.

203 2953 373 3031 propterea
395 2945 433 3009 fit
455 2952 494 3008 ut
517 2945 596 3009 haec
618 2944 660 3009 ad
682 2945 811 3031 signum
834 2946 984 3032 quodque
1006 2947 1125 3012 reverti

204 3047 356 3112 mobilius
379 3047 536 3124 videatur,
559 3049 600 3112 ad
624 3048 706 3112 hanc
729 3050 806 3134 quia
828 3049 922 3136 signe
943 3050 1098 3117 revisunt.

202 3151 241 3215 fit
264 3173 391 3236 quoque
415 3160 454 3214 ut
477 3174 494 3215 e
517 3150 631 3214 mundi
653 3151 846 3216 transversis
868 3152 1016 3238 partibus
1038 3175 1094 3218 aer

201 3253 334 3318 alternis
357 3261 444 3318 corto
467 3253 566 3318 fluere
588 3253 671 3318 alter
693 3263 838 3340 tempore
860 3255 971 3340 possit,

201 3355 258 3440 qui
280 3364 378 3441 queat
401 3356 534 3420 aestivis
556 3355 655 3420 solem
678 3356 849 3421 detrudere
872 3356 973 3444 signis

202 3457 357 3522 brumalis
380 3458 545 3543 usquead
568 3457 670 3522 flexus
692 3458 900 3545 gelidumque
923 3459 1072 3546 rigorem,

203 3568 237 3625 et
260 3561 316 3647 qui
338 3560 451 3626 reiciat
472 3561 588 3647 gelidis
610 3585 630 3625 a
652 3562 778 3648 frigoris
801 3561 924 3627 umbris

116 3864 174 3916 Vat.
188 3865 246 3912 Ver.
259 3863 324 3912 Van.
352 3863 462 3911 nocendi
471 3861 539 3909 Flor.
549 3861 580 3909 31
593 3859 682 3910 camb.
696 3862 711 3909 3
723 3860 781 3911 Vat.
793 3859 864 3911 Brix.
880 3860 955 3909 Pont.
964 3859 1060 3910 Arane.
1073 3861 1184 3924 Nauger.
1201 3857 1334 3926 Accipere

118 3944 266 3994 Manlunt.
281 3942 389 3992 Lamo:
406 3942 565 3992 see111025.
655 3940 703 3990 610
720 3949 752 3991 et.
789 3939 1268 3992 chach.whowillnevertclerateet
1284 3929 1333 3984 5⁰¹

116 4027 199 4076 etiam.
301 4025 349 4073 613
365 4024 477 4085 Aestijer
487 4031 516 4072 at
528 4029 626 4072 tactum
637 4022 704 4071 Flor.
718 4022 749 4070 31
762 4024 777 4071 3
789 4022 848 4071 Vat.
859 4021 923 4070 Mar.
935 4021 1010 4070 Junt.
1022 4021 1063 4070 for
1073 4024 1195 4086 Aestifen'
1205 4020 1329 4074 camum

116 4107 147 4166 B,
161 4114 268 4157 uteretur
281 4106 304 4154 A
319 4106 389 4154 Nico.
423 4106 575 4168 Aestiscrum
588 4111 617 4153 ut
634 4112 733 4154 tautum
749 4103 846 4154 Avanc.
862 4102 953 4175 bamb.
970 4107 1019 4154 eto.
1054 4105 1207 4166 Aeatrymm
1223 4101 1325 4155 tuam

115 4190 224 4251 Nauger.
334 4187 382 4236 614
398 4188 504 4249 simplex
516 4194 540 4236 et
551 4193 620 4236 certa
631 4185 680 4236 Ed.
695 4185 736 4235 for
746 4187 852 4249 simplex
862 4193 939 4236 recta.
971 4187 1079 4248 simplex
1089 4202 1135 4237 uec
1146 4195 1217 4238 certa
1226 4174 1316 4238 Imm&

116 4273 221 4332 simplex
232 4277 278 4318 aut
289 4276 357 4318 rectu
368 4268 437 4316 Flor.
450 4268 480 4316 31
494 4265 684 4317 Gamb.3Vat.
711 4264 1084 4318 ucreotcoretrectuothers.
1112 4263 1316 4332 simplicum

115 4351 390 4403 Lach.reclaauBern.
492 4349 539 4403 617
558 4348 969 4400 Gammae.11ach.sor0auceris.
1006 4390 1008 4395 ,
1068 4350 1116 4400 632
1133 4340 1310 4404 euoimlnol»
1412 4366 1414 4372 ⁴
