2804 4786
712 278 744 346 V

211 464 307 508 umor
327 443 410 509 item
432 443 594 530 quondam
616 443 724 530 coepit
746 466 897 530 superare
920 452 1056 519 coortus,

213 553 254 609 ut
275 546 366 610 fama
384 554 444 622 est,
466 546 635 611 hominum
656 546 778 612 multas
799 546 929 632 quando
951 545 1060 610 obruit
1083 546 1180 611 urbis.

214 647 290 713 inde
312 647 372 713 ubi
393 648 442 714 vis
463 649 573 735 aliqua
593 649 719 715 ratione
740 672 852 715 aversa
873 650 1014 726 recessit,

213 773 254 815 ex
275 749 406 817 infinito
429 752 536 817 fuerat
558 774 782 838 quaecumque
804 761 921 828 coorta,

213 853 432 920 constiterunt
453 855 573 920 imbres
595 864 629 920 et
651 854 787 920 flumina
809 855 876 920 vim
899 855 1096 919 minuerunt.

257 957 324 1022 Sed
347 957 466 1043 quibus
487 958 542 1023 ille
565 958 670 1023 modis
691 959 856 1024 coniectus
877 958 1027 1023 materiai

213 1059 360 1126 fundarit
382 1069 502 1126 terram
524 1070 559 1126 et
580 1060 707 1126 eaelum
727 1061 885 1148 pontique
907 1060 1074 1147 profunda,

215 1162 289 1226 solis
312 1162 403 1226 lunai
426 1185 547 1240 cursus,
569 1185 609 1228 ex
632 1163 744 1228 ordine
767 1185 893 1249 ponam.

183 1296 192 1302 ·
214 1287 289 1329 nam
311 1273 400 1330 certe
422 1287 529 1351 neque
550 1265 683 1331 consilio
706 1265 881 1352 primordia
902 1288 1009 1331 rerum

214 1369 325 1436 ordine
347 1392 383 1435 se
404 1391 463 1435 suo
486 1392 632 1456 quaeque
655 1371 762 1456 sagaci
784 1379 895 1437 mente
917 1370 1064 1434 locarunt

213 1494 272 1537 nec
293 1495 375 1559 quos
396 1495 543 1559 quaeque
565 1472 681 1538 darent
703 1481 812 1539 motus
834 1473 985 1560 pepigere
1008 1473 1158 1557 profecto,

214 1574 269 1639 sed
291 1574 370 1660 quia
392 1575 497 1640 multa
518 1575 623 1640 modis
645 1575 758 1640 multis
780 1576 956 1661 primordia
977 1597 1084 1640 rerum

203 1666 252 1742 ‘er
273 1677 403 1743 infinito
425 1678 491 1743 iam
514 1686 659 1764 tempore
680 1678 805 1764 percita
825 1678 931 1765 plagis

213 1781 472 1868 ponderibusque
494 1782 561 1847 suis
582 1791 779 1848 consuerunt
803 1782 930 1848 concita
952 1783 1028 1847 ferri

214 1881 470 1968 omnimodisque
492 1882 576 1947 coire
598 1891 697 1968 atque
719 1882 828 1947 omnia
849 1890 1077 1968 pertemptare,

214 2008 437 2072 quaecumque
459 1985 546 2050 inter
567 2008 602 2051 se
623 1994 753 2072 possent
775 2008 944 2073 congressa
965 2008 1082 2061 creare,

212 2099 383 2176 propterea
404 2090 443 2155 fit
465 2091 518 2155 uti
541 2112 696 2177 magnum
718 2091 849 2176 volgata
869 2112 930 2177 per
951 2112 1064 2155 aevom

213 2215 307 2258 omne
329 2215 433 2280 genus
455 2201 566 2258 coetus
587 2201 623 2258 et
645 2202 752 2259 motus
773 2191 972 2279 experiundo

213 2297 344 2363 tandem
368 2297 563 2363 conveniant
584 2319 624 2363 ea
646 2320 729 2383 quae
751 2305 905 2363 convecta
926 2305 1060 2383 repente

213 2423 404 2488 magnarum
426 2423 535 2466 rerum
556 2401 643 2466 fiunt
664 2400 796 2465 exordia
817 2422 921 2485 saepe,

213 2502 312 2568 terrai
333 2503 432 2568 maris
455 2512 490 2569 et
511 2504 593 2569 caeli
614 2503 806 2591 generisque
828 2504 1041 2567 animantum.

254 2607 320 2671 Hic
341 2629 447 2693 neque
470 2615 543 2672 tum
565 2607 640 2672 solis
663 2615 734 2672 rota
756 2606 845 2672 cerni
867 2606 989 2670 lumine
1011 2606 1100 2691 largo

212 2709 381 2775 altivolans
403 2719 531 2796 poterat
553 2732 613 2775 nec
634 2711 745 2797 magni
767 2709 874 2774 sidera
895 2708 1009 2773 mundi

210 2835 270 2877 nec
292 2836 381 2879 mare
404 2836 462 2878 nec
485 2814 610 2878 caelum
632 2835 693 2878 nec
714 2814 855 2899 denique
877 2821 964 2877 terra
986 2834 1091 2897 neque
1114 2834 1170 2876 aer

211 2939 270 2983 nec
292 2915 408 2982 similis
429 2917 547 2982 nostris
569 2916 666 2981 rebus
687 2938 738 2981 res
760 2915 828 2980 ulla
850 2915 960 2992 videri,

211 3019 267 3085 sed
288 3041 373 3084 nova
393 3026 573 3106 tempestas
595 3019 754 3105 quaedam
778 3019 942 3104 molesque
964 3027 1071 3083 coorta

123 3141 191 3203 440
212 3146 305 3190 omne
324 3146 429 3211 genus
450 3125 491 3190 de
513 3124 689 3210 principiis,
711 3123 869 3189 discordia
890 3140 1033 3211 quorum·

182 3285 184 3289 .
212 3228 381 3294 intervalla
403 3228 471 3294 vias
493 3251 633 3294 conexus
654 3229 797 3315 pondera
818 3228 930 3314 plagas

213 3354 383 3398 concursus
404 3342 514 3399 motus
537 3333 691 3398 turbabat
713 3332 835 3418 proelia
857 3331 1002 3407 miscens,

142 3536 234 3587 mlum.
264 3537 366 3598 graium
383 3534 500 3601 (pratum)
519 3535 578 3585 Ver.
595 3535 660 3584 Van.
830 3535 879 3586 409
896 3534 945 3583 410
961 3533 1039 3585 Leclu
1059 3533 1094 3596 by
1110 3548 1126 3582 a
1143 3534 1246 3595 strange
1263 3533 1324 3582 mis-

144 3611 313 3670 *nnuman
324 3615 423 3665 inverte
434 3615 506 3666 these
517 3630 602 3666 verses
613 3615 666 3667 aud
677 3615 717 3665 lor
727 3618 779 3665 Aut
787 3622 893 3678 pereunt
904 3614 978 3664 reads
989 3617 1025 3663 Et
1033 3620 1148 3677 pereunt.
1276 3614 1325 3663 412

145 3689 200 3739 wli·
210 3694 282 3747 Pont.
297 3697 374 3747 lunt.
389 3697 429 3746 lor
443 3700 527 3748 undis.
560 3697 628 3749 Flor.
647 3699 678 3747 31
695 3698 785 3748 (lamb.
802 3698 860 3747 Ver.
877 3697 941 3747 Van.
954 3697 1020 3746 Mar.
1036 3698 1084 3745 ete.
1096 3696 1254 3758 leopardis,
1270 3696 1324 3747 and

148 3764 177 3816 lor
186 3771 300 3828 baiam
310 3780 402 3829 multae
413 3779 475 3830 read
484 3782 608 3831 homiuum
618 3783 715 3831 maltos.
781 3781 830 3830 423
849 3780 923 3831 Omne
934 3795 1010 3843 penus
1021 3777 1101 3828 Lach.
1114 3779 1153 3827 lor
1166 3780 1324 3841 Omnipeaue.

150 3845 272 3918 Moesos
288 3859 311 3908 A
328 3873 394 3909 corr.
411 3861 479 3923 vulg.
600 3863 648 3913 429
666 3870 783 3912 convecta
799 3860 879 3911 Laeh.
900 3861 939 3910 lor
955 3867 1084 3910 conventa.
1122 3860 1152 3908 Τ.
1164 3874 1186 3908 c.
1199 3874 1263 3923 quae
1279 3861 1324 3910 ubi

149 3936 255 3992 murce
264 3940 358 3991 Iamb.
367 3941 406 3992 ed.
415 3942 430 3989 1
436 3961 445 4004 ;
463 3944 493 3991 Τ.
502 3958 533 3992 ea
541 3958 563 3993 e.
575 3958 638 4007 quae
649 3951 679 3992 ut
689 3959 822 3994 convenere
831 3942 870 3993 od.
880 3944 895 3990 2
904 3941 956 3992 and
965 3943 989 4000 3,
999 3939 1155 4002 followedby
1163 3940 1267 4000 Greech,
1275 3945 1323 3992 ete.

148 4002 330 4078 mmmm.
342 4024 373 4072 31
386 4023 474 4076 Oamb.
489 4025 629 4087 forfluunt.
662 4042 743 4090 saepe.
754 4041 856 4089 semper,
868 4039 897 4075 aa
909 4039 931 4073 11
943 4025 1006 4074 1062
1018 4022 1097 4073 Lech.
1178 4023 1227 4071 432
1245 4025 1323 4085 larpo.

147 4085 198 4144 ‘¹⁰¹⁰
207 4100 314 4156 Macrob.
429 4106 477 4155 433
494 4109 637 4157 Altivolane
648 4107 725 4157 Pont.
737 4108 834 4157 Arane.
846 4106 901 4157 and
912 4104 1025 4155 Macrob.
1038 4108 1088 4154 sat.
1100 4119 1127 4153 vr
1139 4105 1154 4152 2
1166 4105 1198 4153 23
1209 4103 1250 4154 for
1260 4107 1319 4155 Alte

146 4171 220 4234 ulau·
250 4189 312 4236 Alta
322 4188 410 4236 volem
422 4187 486 4238 Mar.
498 4188 571 4238 June.
637 4191 768 4241 437-442
781 4187 930 4254 (440-445)
940 4186 1054 4238 arathus
1066 4186 1190 4249 arranged
1201 4185 1322 4250 byIach.

147 4245 336 4318 ‘llff‘lleisscker
346 4272 445 4330 quaest.
459 4269 550 4328 Luor.;
567 4269 621 4320 and
631 4270 676 4321 the
687 4271 815 4332 necessity
826 4269 855 4319 of
869 4269 923 4320 this
938 4268 1036 4330 change
1046 4267 1070 4317 is
1080 4267 1211 4330 manifest,
1224 4267 1323 4331 though

147 4319 239 4399 ¹5⁴aot.
252 4349 271 4400 i
284 4351 304 4401 1.
320 4349 451 4414 easenuy
464 4352 525 4403 reae
539 4352 613 4402 them
626 4353 655 4403 in
670 4353 716 4403 sne
729 4352 804 4403 order
818 4352 847 4402 in
861 4351 946 4402 wiron
961 4350 1023 4413 they
1039 4365 1135 4414 appear
1150 4349 1179 4399 in
1195 4364 1243 4400 our
1259 4363 1320 4401 mss.

146 4400 182 4462 ⁸⁸⁸
190 4423 251 4482 rte
260 4431 275 4480 1
285 4445 331 4496 say
342 4447 378 4482 on
388 4431 443 4483 this
451 4434 504 4484 and
516 4434 617 4485 similar
629 4434 717 4498 points
728 4449 754 4498 p.
766 4435 806 4486 30.
924 4434 972 4485 433
991 4434 1067 4482 Omne
1075 4447 1153 4496 penus
1161 4432 1191 4482 de
1202 4430 1281 4482 bach.
1292 4446 1323 4482 as
