2834 4792
652 220 707 286 III

175 401 304 467 corpore
325 378 451 466 reliquo
472 399 618 466 pugnam
641 376 819 463 caedesque
840 375 988 463 petessit,

175 505 232 550 neo
255 490 348 549 tenet
369 481 522 547 amissam
544 479 670 546 laevam
693 501 766 545 cum
790 480 935 567 tegmine
957 501 1054 567 saepe

176 588 260 654 inter
282 609 382 673 equos
403 584 552 652 abstraxe
575 592 663 651 rotas
684 584 845 671 falcesque
867 605 1008 670 rapaces,

176 712 232 756 nec
255 688 513 760 cecidissealius
534 687 692 764 dextram,
714 708 788 751 cum
811 687 938 753 scandit
961 695 995 753 et
1016 687 1128 754 instat.

176 794 252 860 inde
274 793 358 859 alius
379 801 515 858 conatur
536 791 689 877 adempto
711 812 842 877 surgere
865 813 966 871 crure,

176 921 248 964 cum
272 896 392 985 digitos
413 895 520 984 agitat
541 907 674 982 propter
695 894 907 960 moribundus
932 895 1024 961 humi
1046 918 1111 982 pes.

176 1010 209 1068 et
232 1010 332 1088 caput
353 1000 515 1066 abscisum
537 997 640 1064 calido
662 997 857 1085 viventeque
881 1007 997 1065 trunco

178 1112 284 1170 servat
306 1102 400 1169 humi
421 1103 547 1168 voltum
569 1101 703 1167 vitalem
726 1102 897 1188 oculosque
920 1103 1074 1189 patentis,

177 1209 278 1274 donec
299 1205 453 1293 reliquias
475 1205 596 1272 animai
618 1204 761 1271 reddidit
783 1228 903 1272 omnes.

179 1311 258 1397 quin
281 1310 382 1376 etiam
404 1307 467 1374 tibi
489 1307 527 1386 si,
551 1307 664 1403 lingua
685 1307 843 1385 vibrante,
866 1308 1001 1375 micanti

179 1413 339 1499 serpentis
361 1410 465 1477 cauda
487 1433 505 1476 e
527 1432 658 1497 procero
679 1433 817 1497 corpore,
841 1419 1017 1499 utrumque

179 1618 223 1684 sit
245 1618 378 1683 libitum
399 1616 436 1681 in
458 1616 580 1682 multas
601 1616 703 1703 partis
724 1616 882 1683 discidere
905 1619 997 1697 serre,

179 1721 289 1786 omnia
310 1720 375 1784 iam
398 1741 524 1784 sorsum
547 1740 657 1784 cernes
678 1719 787 1784 ancisa
808 1720 931 1786 recenti

178 1825 308 1890 volnere
332 1823 446 1889 tortari
469 1831 503 1888 et
526 1833 646 1888 terram
668 1844 878 1910 conspargere
901 1824 987 1902 tabo,

178 1929 284 2016 ipsam
306 1950 405 2014 seque
427 1935 514 1992 retro
535 1935 663 2013 partem
685 1934 796 2013 petere
818 1949 872 1992 ore
895 1927 1044 2014 priorem,

179 2031 320 2097 volneris
342 2030 471 2096 ardenti
492 2038 532 2096 ut
553 2052 661 2095 morsu
687 2039 814 2117 premat
836 2031 903 2097 icta
925 2031 1075 2099 dolorem.

181 2135 334 2201 omnibus
356 2156 425 2200 esse
447 2133 550 2221 igitur
571 2142 658 2199 totas
680 2133 825 2200 dicemus
848 2135 881 2200 in
904 2135 970 2201 illis

180 2238 350 2326 particulis
371 2237 520 2302 animas?
556 2245 592 2301 at
614 2258 653 2301 ea
675 2236 800 2302 ratione
822 2248 978 2324 sequetur

182 2365 282 2408 unam
304 2341 505 2406 animantem
528 2340 652 2405 animas
674 2340 825 2406 habuisse
847 2341 883 2406 in
905 2364 1035 2428 corpore
1059 2343 1185 2409 multas.

184 2468 260 2533 ergo
281 2444 416 2510 divisast
438 2466 477 2509 ea
501 2465 585 2530 quae
607 2444 671 2509 fuit
695 2466 760 2509 una
782 2443 880 2509 simul
903 2467 978 2511 cum

184 2547 332 2636 corpore;
361 2555 557 2634 quapropter
579 2548 715 2613 mortale
739 2556 914 2635 utrumque
937 2549 1163 2636 putandumst,

185 2654 220 2719 in
242 2652 363 2718 multas
385 2651 539 2738 quoniam
560 2651 663 2737 partis
685 2652 857 2718 disciditur
878 2676 991 2740 aeque.

229 2757 400 2822 Praeterea
421 2755 450 2820 si
471 2754 653 2821 inmortalis
675 2764 793 2822 natura
814 2757 937 2823 animai

190 2867 317 2925 constat
339 2867 373 2924 et
396 2858 431 2923 in
453 2881 569 2945 corpus
591 2859 799 2924 nascentibus
822 2859 1016 2939 insinuatur,

186 2985 244 3028 our
265 2983 362 3048 super
383 2969 567 3027 anteactam
590 2970 732 3027 aetatem
754 2963 939 3029 meminisse
961 2965 1132 3050 nequimus

188 3090 247 3132 nec
269 3065 408 3153 vestigia
428 3074 595 3153 gestarum
618 3088 724 3131 rerum
746 3067 815 3131 ulla
837 3073 1010 3134 tenemus?

189 3169 315 3240 namsi
337 3177 430 3235 tanto
453 3176 580 3255 operest
603 3168 704 3233 animi
725 3178 855 3234 mutata
876 3179 1027 3254 potestas,

191 3273 295 3338 omnis
318 3280 358 3336 ut
379 3279 527 3337 actarum
549 3271 705 3337 exciderit
726 3272 903 3339 retinentia
925 3296 1042 3351 rerum,

189 3397 262 3452 non,
284 3382 323 3438 ut
345 3373 466 3458 opinor,
488 3373 522 3438 id
536 3395 564 3461 'a
586 3373 652 3439 leto
675 3374 740 3439 iam
763 3374 903 3460 longiter
926 3385 1029 3457 errat3

190 3486 386 3566 quapropter
407 3477 527 3544 fateare
550 3489 711 3543 necessest
734 3500 817 3564 quae
841 3479 904 3544 fuit
927 3489 1003 3545 ante

144 3703 185 3761 647
200 3710 273 3757 semel
288 3705 369 3756 Lech.
386 3705 427 3757 for
443 3707 526 3756 simul.
624 3705 673 3756 650
688 3713 756 3756 rotor
774 3705 844 3756 Nico.
862 3707 902 3756 for
917 3714 980 3757 rote.
1074 3707 1309 3761 tristemoria

116 3786 160 3839 und
174 3789 256 3839 cauda
272 3803 285 3838 e
301 3785 352 3837 Ed.
368 3785 432 3836 with
447 3785 528 3836 Isaah.
545 3786 585 3836 for
601 3788 711 3836 minanti
728 3785 779 3836 and
796 3788 883 3837 caude.
1002 3787 1050 3839 668
1065 3803 1082 3839 a
1097 3804 1122 3838 v.
1140 3789 1163 3840 is
1179 3790 1231 3840 lost
1247 3790 1308 3841 hera

116 3869 170 3920 surh
191 3883 221 3921 as
241 3871 278 3919 Et
300 3869 408 3919 cauam
429 3875 453 3918 et
475 3869 561 3919 amiam
582 3871 660 3919 totius
682 3871 792 3932 corporis
812 3885 922 3921 omnem:
946 3884 987 3921 see
1003 3885 1030 3921 vr
1047 3873 1108 3924 499:
1131 3871 1211 3923 Laoh.
1234 3873 1308 3924 reads

116 3957 240 4015 umanum
253 3948 293 3999 for
307 3950 437 4012 serpentia,
453 3949 580 4013 utrimque
596 3948 664 3998 aiter
679 3948 744 3999 Mar.
759 3948 833 3999 Junt.
849 3949 890 4000 for
904 3959 1051 4015 utrumque3
1069 3952 1122 4002 and
1136 3954 1204 4003 astar
1217 3953 1253 4003 all
1266 3953 1309 4004 his

116 4029 284 4084 unstruotion
305 4028 329 4079 is
351 4043 412 4093 very
433 4027 528 4079 forced.
574 4031 591 4080 l.
613 4045 638 4080 o.
660 4031 781 4081 minantis
804 4033 932 4095 Serpentis
953 4034 1059 4084 caudam
1076 4049 1180 4098 paoem
1201 4051 1309 4100 empore,

116 4115 224 4176 unaque
240 4108 334 4162 Iramb.
449 4108 497 4160 668
512 4124 586 4172 seque
601 4116 667 4160 retro
684 4109 755 4161 Nico.
773 4110 814 4160 for
829 4127 930 4175 sequere
946 4120 1021 4165 retro.
1139 4113 1186 4165 668
1202 4117 1311 4168 douram

116 4193 187 4248 [rach.
204 4193 246 4244 ior
262 4194 353 4245 doure.
459 4190 506 4242 674
523 4197 594 4241 teau
610 4199 706 4255 operest
722 4194 802 4242 animi
819 4193 884 4244 Mar.
904 4194 943 4244 for
959 4201 1031 4245 tauto
1046 4211 1117 4260 opere
1134 4199 1245 4258 enimait,
1263 4198 1312 4249 680

116 4281 207 4330 *olimst
234 4277 315 4326 animi
343 4273 407 4325 Mar.
430 4272 489 4324 md.
518 4273 532 4322 1
561 4273 601 4323 tor
627 4276 704 4325 solita
731 4276 849 4325 animur:
878 4289 919 4326 ses
947 4275 1003 4335 623,
1026 4291 1048 4326 11
1076 4279 1122 4330 275
1150 4277 1203 4330 and
1230 4280 1311 4331 Lech.

117 4361 188 4412 hera.
298 4354 347 4409 676
362 4371 381 4406 o
397 4356 446 4406 leto
461 4353 552 4414 Lach„
570 4356 676 4417 louoitu
691 4354 783 4406 Isamb.
800 4354 879 4407 Iraoh.
899 4356 967 4406 from
983 4357 1118 4420 charisius
1135 4360 1187 4412 and
1202 4361 1312 4423 Nonius,
