2834 4792
103 226 169 292 268
678 225 727 290 VI

190 409 320 476 surgere
342 387 384 454 de
406 397 492 454 terra
512 387 649 454 nebulas
670 397 863 475 aestumque
886 387 1043 464 videmus,

189 512 273 576 quae
295 491 387 557 velut
408 491 531 557 halitus
552 491 628 556 binc
649 491 699 556 ita
719 513 847 556 sursum
869 511 1020 576 expressa
1042 489 1187 554 feruntur

192 592 449 680 suffimduntque
472 616 532 659 sua
552 594 679 659 caelum
700 593 839 681 caligine
860 601 895 658 et
917 593 1000 657 altas

192 696 358 763 sufficiunt
379 696 478 763 hubis
499 697 659 784 paulatim
682 696 923 776 conveniund03
1236 687 1283 768 480

192 808 287 887 urget
309 801 396 866 enim
418 823 546 887 quoque
568 800 713 887 signiferi
735 822 833 886 super
854 797 997 863 aetheris
1018 805 1129 862 aestus

192 912 225 968 et
247 902 341 988 quasi
362 902 526 968 densendo
547 902 694 968 subtexit
716 902 844 967 caerula
865 901 994 966 nimbis.
1180 893 1184 900 ’

193 1007 232 1072 fit
254 1029 382 1093 quoque
404 1015 443 1072 ut
465 1007 529 1072 buc
551 1007 685 1071 veniant
706 1006 741 1071 in
762 1006 889 1071 caelum
910 1005 1112 1070 extrinsecus
1134 1004 1189 1068 illa

191 1131 321 1196 corpora
341 1132 425 1196 quae
448 1110 571 1176 faciunt
592 1110 689 1175 nubis
711 1109 903 1196 nimbosque
924 1109 1082 1188 volantis3

191 1212 460 1277 innumerabilem
483 1212 571 1278 enim
593 1235 764 1277 numerum
787 1232 1013 1296 summamque
1035 1209 1188 1296 profundi
1243 1199 1310 1288 485

192 1338 261 1380 esse
284 1315 445 1380 infinitam
468 1315 571 1393 docui,
593 1323 781 1401 quantaque
803 1314 950 1380 volarent

191 1440 322 1504 corpora
344 1419 525 1484 mobilitate
548 1418 675 1484 ostendi
696 1440 860 1504 quamque
882 1427 1018 1503 repente

191 1522 433 1587 inmemorabile
451 1544 512 1608 per
533 1522 677 1608 spatium
699 1523 836 1587 transire
858 1522 1010 1587 solerent.

193 1624 274 1689 haut
295 1624 398 1712 igitur
419 1625 571 1690 mirumst
592 1625 620 1689 si
641 1647 740 1710 parvo
762 1634 908 1710 tempore
931 1645 1028 1710 saepe

192 1727 350 1792 montibu’
373 1737 440 1793 tam
463 1728 590 1816 magnis
613 1739 791 1813 tempestas
813 1736 913 1813 atque
934 1726 1089 1792 tenebrae
1248 1733 1337 1806 490

193 1830 361 1916 coperiunt
383 1830 485 1896 maria
506 1853 542 1896 ac
565 1839 668 1896 terras
690 1831 826 1915 inpensa
847 1852 995 1917 superne,

192 1933 335 2020 undique
357 1934 617 2020 quandoquidem
639 1957 698 2021 per
718 1935 828 2000 caulas
850 1933 993 2000 aetheris
1015 1933 1120 1997 omnis

192 2046 226 2102 et
248 2037 340 2123 quasi
362 2059 420 2123 per
442 2037 552 2125 magni
574 2038 695 2102 circum
717 2037 877 2123 spiracula
899 2035 1014 2101 mundi

193 2138 300 2204 exitus
322 2140 539 2226 introitusque
561 2139 731 2204 elementis
752 2139 900 2205 redditus
923 2146 1023 2205 extat.

237 2241 269 2306 N
272 2265 334 2307 unc
356 2265 425 2330 ege,
447 2265 511 2329 quo
533 2252 627 2329 pacto
649 2243 779 2329 pluvius
801 2249 982 2308 concrescat
1004 2242 1039 2306 in
1061 2241 1137 2305 altis
1248 2257 1309 2324 495

193 2345 334 2410 nubibus
357 2368 449 2411 umor
471 2354 505 2411 et
527 2346 562 2410 in
584 2356 685 2411 terras
707 2346 866 2411 demissus
888 2354 926 2411 ut
947 2345 1073 2410 imber·

194 2447 331 2525 decidat,
354 2449 531 2534 expediam.
562 2449 703 2535 primum
726 2449 790 2513 iam
814 2449 938 2513 semina
960 2448 1057 2534 aquai

194 2551 298 2615 multa
319 2551 415 2615 simul
438 2553 564 2616 vincam
587 2574 777 2639 consurgere
800 2552 942 2617 nubibus
963 2551 1042 2637 ipsis

193 2653 342 2718 omnibus
365 2677 404 2719 ex
427 2655 523 2720 rebus
546 2656 731 2741 pariterque
754 2655 802 2720 ita
824 2677 962 2720 creseere
985 2663 1160 2738 utrumque
1252 2691 1258 2706 ·

193 2767 226 2822 et
250 2758 344 2823 nubis
367 2768 400 2823 et
423 2781 539 2844 aquam
564 2781 785 2844 quaecumque
809 2759 844 2822 in
865 2759 1008 2824 nubibus
1031 2766 1131 2833 extat,
1248 2773 1311 2839 500

193 2872 231 2924 ut
254 2862 375 2946 pariter
397 2862 489 2926 nobis
512 2883 626 2946 corpus
648 2866 722 2926 cum
746 2861 903 2947 sanguine
927 2861 1050 2938 crescit,

192 2965 288 3029 sudor
310 2966 390 3029 item
412 2975 512 3051 atque
536 2987 628 3029 umor
650 2965 845 3049 quicumque
869 2973 918 3029 est
940 2965 1081 3050 denique
1104 2964 1267 3029 membris

193 3069 380 3154 concipiunt
402 3071 499 3134 etiam
525 3070 667 3135 multum
689 3092 817 3156 quoque
840 3093 936 3156 saepe
959 3071 1121 3135 marinum

193 3195 346 3249 umorem,
369 3173 471 3238 veluti
494 3174 672 3258 pendentia
694 3175 812 3238 vellera
835 3175 935 3252 lanae,

190 3297 263 3339 cum
286 3299 402 3361 supera
425 3299 579 3363 magnum
603 3299 691 3342 mare
715 3277 803 3342 venti
826 3277 939 3342 nubila
960 3286 1100 3363 portant.
1244 3292 1302 3358 505

104 3480 275 3540 coinquinent
293 3481 433 3529 1000040100
450 3480 556 3530 omnie’:
580 3479 664 3530 which
680 3479 713 3529 he
731 3479 813 3528 found
829 3479 858 3528 in
875 3479 938 3529 Ven.
1039 3479 1087 3527 403
1104 3478 1151 3528 buc
1167 3477 1227 3527 Vat.
1245 3477 1308 3529 3276

105 3560 200 3611 Avano.
216 3560 255 3610 for
267 3563 340 3611 bunc.
375 3563 514 3612 11000100.
527 3564 558 3611 91
571 3562 758 3612 0000021101.
772 3562 841 3611 Mon.
878 3562 942 3610 1000
953 3567 1048 3609 coetum
1056 3559 1122 3609 Mar.
1131 3559 1206 3608 Junt.
1216 3559 1308 3608 Lamb.

107 3642 174 3703 vulg.
210 3644 258 3692 illo
268 3643 336 3694 Flor.
351 3645 382 3692 31
400 3643 489 3692 Camb.
501 3643 561 3692 Vat.
575 3643 622 3693 640
639 3643 731 3693 Urbin.
744 3643 808 3693 Mar.
824 3642 864 3691 for
879 3643 921 3691 illi
936 3642 1023 3700 ,4,1110
1038 3641 1069 3691 B.
1201 3641 1251 3690 488
1264 3655 1311 3702 per

107 3722 189 3772 added
206 3722 239 3785 by
255 3724 329 3774 Pout.
348 3724 414 3774 Mar.
426 3724 499 3773 Junt.
630 3725 680 3776 490
694 3723 819 3774 Montibn'
831 3732 883 3772 tono
897 3725 994 3785 moenis
1009 3723 1058 3773 Ed.
1075 3722 1115 3772 for
1134 3725 1195 3772 Tam
1211 3725 1311 3784 moenis

106 3808 212 3853 montis:
231 3807 293 3854 Tam
308 3808 405 3867 0000010
422 3808 522 3855 montib.
539 3819 592 3854 was
608 3805 653 3854 the
669 3806 726 3854 first
743 3803 908 3866 corruption:
926 3819 967 3854 000
986 3805 1033 3855 109
1049 3803 1101 3853 and
1117 3818 1143 3852 ιν
1155 3804 1211 3852 140.
1248 3806 1310 3854 Tam

106 3889 203 3947 0009010
214 3890 305 3937 nimbis
316 3886 395 3937 Laoh.
426 3889 488 3936 Tam
498 3902 603 3950 0009000
614 3890 686 3936 molis
697 3888 774 3937 Bern.
804 3889 868 3936 Tam
878 3902 979 3948 0009000
990 3888 1079 3935 montis
1091 3885 1169 3934 Pont.
1177 3884 1309 3935 Mar.Ald.

108 3967 121 4014 1
135 3967 207 4016 dunt.
219 3968 287 4030 vulg.
387 3968 435 4019 491
449 3969 584 4031 deperiunt
595 3966 676 4017 Laoh.
688 3967 785 4031 rightly
796 3968 836 4017 for
849 3968 992 4030 Oopcriant.
1026 3965 1050 4029 [I
1061 3979 1119 4014 now
1130 3963 1208 4015 think
1219 3964 1241 4015 it
1252 3981 1310 4028 pro·

106 4046 181 4097 bable
192 4048 251 4098 that
261 4049 337 4098 Lnor.
349 4053 428 4099 wrote
439 4050 568 4111 coperiant
578 4063 608 4098 as
619 4049 695 4111 given
704 4050 738 4112 by
749 4050 793 4100 the
804 4063 872 4098 mss:
891 4064 1009 4112 compare
1021 4048 1074 4099 010.
1086 4047 1191 4098 Laelius
1203 4051 1235 4100 29
1247 4051 1310 4113 quid

106 4132 197 4179 mirum
212 4138 248 4179 est
263 4132 286 4179 si
303 4132 384 4180 animi
401 4131 527 4180 luminum
543 4135 705 4180 moveantur?
723 4145 766 4181 000
783 4129 892 4180 Mueller
908 4144 951 4192 ap.
963 4131 1072 4192 Seyffert
1084 4145 1111 4193 p.
1123 4131 1184 4180 206:
1203 4145 1232 4180 00
1250 4131 1309 4181 here

106 4209 182 4259 Lucr.
196 4224 278 4259 seems
288 4212 316 4259 to
327 4210 419 4260 realise
430 4224 446 4259 a
458 4209 554 4272 special
565 4224 621 4259 0000
632 4210 719 4260 before
729 4210 772 4260 his
785 4212 865 4274 eyes]
978 4212 1027 4261 492
1044 4211 1132 4260 000100
1144 4210 1211 4260 Mar.
1222 4211 1281 4262 Ald.
1297 4213 1311 4260 1

104 4291 181 4340 Junt.
193 4292 233 4340 lor
243 4294 339 4342 000100.
438 4293 486 4344 496
497 4293 617 4342 demam
628 4292 696 4343 Flor.
709 4294 741 4343 31
753 4293 824 4342 Mon.
836 4292 928 4342 Lamb.
940 4293 1117 4345 1000101000.

139 4376 187 4425 490
203 4378 304 4425 vincam
319 4375 389 4426 Flor.
407 4376 438 4424 31
455 4373 545 4424 Oamb.
563 4375 636 4424 Mon.
653 4375 710 4427 Ver.
731 4375 796 4428 Ven.
816 4375 856 4424 for
871 4378 978 4426 cineam.
1087 4376 1134 4426 503
1154 4377 1311 4440 0000100001
