2834 4792
731 223 782 290 VI

236 390 323 478 quod
344 391 420 457 solis
441 414 540 479 vapor
560 401 701 459 aetatem
723 417 789 460 non
810 417 904 482 posse
925 396 1056 464 videtur

236 496 361 562 efficere
382 518 486 582 usque
507 495 588 562 adeo
609 498 734 584 pellens
756 500 879 565 fervore
902 523 1052 568 corusco:

236 608 330 665 tanto
351 599 502 665 mobilior
523 598 571 664 vis
593 609 628 665 et
649 601 867 668 dominantior
890 605 970 671 haec
992 615 1050 672 est.

280 700 378 765 Nunc
400 722 439 764 ea
460 723 525 787 quo
546 711 641 788 pacto
663 704 841 790 gignantur
862 715 897 771 et
918 708 1041 794 impete
1063 717 1157 774 tanto

236 806 317 870 fiant
340 814 378 870 ut
400 806 524 892 possint
547 807 615 872 ictu
638 807 817 874 discludere
839 811 946 889 turris,
1296 835 1358 898 240

235 909 418 976 disturbare
440 908 560 986 domos,
582 911 719 977 avellere
744 912 837 999 tigna
858 914 1038 1000 trabesque,

235 1021 270 1076 et
292 1011 492 1075 monimenta
514 1010 619 1075 virum
642 1011 789 1078 demoliri
811 1023 910 1101 atque
932 1039 1082 1094 cremare,

234 1114 418 1180 exanimare
441 1113 596 1191 homines,
618 1116 758 1202 pecudes
779 1128 981 1204 prosternere
1002 1121 1133 1207 passim,

233 1228 341 1283 cetera
363 1218 403 1283 de
426 1239 543 1303 genere
566 1219 625 1283 hoc
647 1221 767 1306 quavi
790 1222 894 1288 facere
916 1225 1026 1289 omnia
1046 1225 1180 1311 possint,

234 1320 414 1407 expediam,
436 1342 541 1407 neque
564 1331 593 1387 te
615 1322 649 1386 in
671 1325 835 1409 promissis
857 1326 951 1412 plura
973 1328 1126 1393 morabor.

277 1425 429 1489 Fulmina
450 1426 577 1512 gignier
598 1448 616 1490 e
638 1428 752 1492 crassis
774 1430 903 1515 alteque
924 1432 1140 1516 putandumst

232 1529 374 1594 nubibus
397 1530 572 1610 extructis3
601 1553 677 1594 nam
700 1532 788 1596 caelo
809 1533 901 1597 nulla
922 1555 1033 1598 sereno

231 1655 291 1697 nec
314 1632 429 1697 leviter
450 1631 558 1697 densis
579 1633 758 1698 mittuntur
779 1635 922 1701 nubibus
944 1659 1106 1723 umquam.

232 1759 307 1801 nam
330 1736 429 1801 dubio
450 1737 561 1822 procul
584 1736 644 1802 hoc
666 1738 735 1802 fieri
758 1739 930 1805 manifesta
951 1739 1044 1806 docet
1066 1764 1137 1822 res;

230 1841 316 1928 quod
339 1849 411 1905 tum
434 1863 491 1926 per
514 1849 620 1905 totum
642 1851 851 1907 concrescunt
873 1865 948 1907 aera
969 1843 1081 1920 nubes,

231 1947 375 2033 undique
398 1947 448 2012 uti
471 1947 621 2012 tenebras
644 1948 748 2012 omnis
769 1948 959 2013 Acherunta
980 1971 1109 2014 reamur

235 2050 366 2136 liquisse
389 2058 423 2115 et
446 2072 579 2136 magnas
601 2050 682 2114 caeli
704 2051 878 2136 complesse
901 2073 1069 2116 cavernas:

230 2152 435 2238 usqueadeo
457 2161 564 2217 taetra
585 2153 768 2217 nimborum
791 2162 885 2218 nocte
908 2162 1017 2219 coorta

229 2257 408 2344 inpendent
430 2265 520 2321 atrae
543 2256 723 2322 formidinis
745 2279 801 2321 ora
822 2280 980 2343 superne:

229 2383 301 2426 cum
326 2359 502 2425 commoliri
525 2367 702 2445 tempestas
724 2358 861 2424 fulmina
883 2368 1021 2445 coeptat.

228 2473 395 2551 praeterea
416 2486 569 2550 persaepe
592 2463 684 2550 niger
706 2486 833 2549 quoque
856 2487 914 2550 per
936 2487 1024 2530 mare
1047 2465 1187 2544 nimbus

228 2577 266 2634 ut
289 2568 369 2655 picis
392 2591 410 2632 e
433 2568 520 2633 caelo
542 2568 719 2632 demissum
742 2567 873 2644 flumen,
895 2569 930 2632 in
952 2569 1055 2633 undas

227 2672 272 2736 sic
294 2672 382 2736 cadit
404 2671 537 2736 effertus
560 2671 703 2736 tenebris
724 2672 835 2756 procul
858 2681 892 2737 et
914 2671 1018 2736 trahit
1041 2681 1147 2738 atram

228 2775 418 2840 fulminibus
440 2776 605 2861 gravidam
630 2783 859 2860 tempestatem
882 2783 981 2860 atque
1004 2776 1160 2860 procellis,

228 2878 358 2965 ignibus
380 2901 417 2943 ae
441 2879 546 2943 ventis
568 2901 642 2943 cum
665 2879 778 2965 primis
800 2879 869 2964 ipse
892 2879 1044 2964 repletus,

226 2982 260 3047 in
284 2990 369 3046 terra
391 3004 519 3067 quoque
542 2991 580 3047 ut
603 2983 787 3048 horrescant
810 3005 847 3046 ac
870 2991 958 3047 tecta
979 2982 1153 3066 requirant.

228 3085 273 3150 sic
295 3086 398 3171 igitur
419 3107 536 3171 supera
557 3095 704 3150 nostrum
727 3095 825 3172 eaput
848 3109 917 3151 esse
940 3087 1154 3172 putandumst

228 3197 458 3274 tempestatem
482 3189 591 3253 altam.
624 3189 839 3274 nequeenim
863 3189 999 3276 caligine
1022 3199 1116 3254 tanta

226 3292 399 3357 obruerent
422 3300 532 3368 terras,
554 3292 616 3356 nisi
640 3292 844 3357 inaedificata
865 3315 1003 3378 superne

139 3496 168 3538 ut
180 3490 326 3537 insinuatur
337 3487 407 3536 Nico.
419 3486 488 3536 Flor.
501 3487 532 3535 31
546 3485 633 3537 camb.
648 3486 731 3548 vulg:
748 3486 796 3535 but
807 3495 835 3536 at
847 3486 886 3535 for
894 3488 939 3535 obi
950 3487 974 3536 is
985 3490 1032 3536 not
1047 3487 1197 3537 Lucretiam
1296 3491 1344 3538 237

137 3570 234 3633 pellens
251 3569 301 3618 nd.
319 3568 359 3618 for
376 3569 471 3617 tellem.
506 3569 594 3617 tollens
610 3567 633 3615 A
650 3566 797 3617 corallicc.
828 3568 925 3629 polleas
943 3567 1035 3617 Lamb.
1053 3567 1122 3629 vulg.
1139 3567 1219 3616 Lach.
1254 3571 1344 3618 cellere

138 3650 213 3700 Wak.
345 3651 392 3698 241
411 3651 482 3711 tigno
499 3648 591 3699 hamb.
603 3649 660 3698 first
673 3648 728 3714 (not
738 3649 807 3697 Flor.
820 3648 861 3714 31)
874 3650 914 3697 for
925 3651 993 3710 igno.
1031 3651 1102 3711 ligna
1113 3648 1183 3700 Nice.
1199 3649 1266 3702 later
1280 3665 1342 3699 mss.

139 3732 191 3782 and
202 3731 255 3783 eds.
269 3731 355 3781 before
366 3731 458 3781 Lamb.
582 3732 630 3778 242
642 3733 757 3781 demoliri
770 3731 833 3782 Mar.
848 3731 905 3782 Ald.
921 3732 935 3779 1
948 3731 1022 3780 Junt.
1035 3730 1074 3780 for
1086 3733 1236 3780 commoliri:
1255 3746 1343 3794 prepo-

139 3813 233 3863 sitions
249 3828 319 3863 seem
336 3813 406 3862 often
423 3817 451 3862 to
466 3812 496 3862 bs
510 3811 673 3862 confounded
687 3813 715 3862 in
731 3827 779 3861 our
794 3827 856 3862 mss.
890 3828 998 3862 cremare
1009 3812 1059 3861 Ed.
1072 3812 1111 3861 for
1122 3815 1187 3862 ciere
1199 3811 1285 3862 which
1296 3813 1344 3862 has

137 3909 172 3943 no
183 3893 318 3956 meaning:
337 3893 382 3943 the
397 3893 448 3942 last
462 3892 559 3951 letters,
571 3892 656 3941 which
671 3908 736 3943 were
750 3910 784 3944 on
801 3894 845 3944 the
860 3893 961 3944 outside
976 3895 1078 3957 margin
1092 3895 1119 3943 of
1134 3893 1188 3943 this
1203 3893 1248 3944 tha
1264 3894 1343 3946 259th

137 3993 202 4041 page
218 3979 246 4026 of
261 3976 306 4027 the
323 3976 469 4039 archetype,
481 3989 544 4025 were
561 3976 620 4025 lost.
655 3978 765 4026 lamma
782 3977 861 4027 Lach.
877 3977 917 4026 for
927 3980 1091 4029 montoranto:
1109 3976 1234 4027 aviolent
1245 3976 1343 4039 change

136 4059 221 4109 which
238 4060 354 4122 destroys
371 4058 417 4109 the
433 4057 515 4108 whole
532 4058 600 4107 foros
617 4058 646 4107 of
660 4058 705 4109 the
720 4073 836 4122 passage.
968 4060 1015 4108 245
1034 4067 1056 4108 te
1074 4058 1156 4109 added
1172 4059 1207 4122 by
1222 4059 1293 4109 Flor.
1311 4061 1341 4109 31

137 4142 225 4191 uamb.
238 4143 314 4191 Pont.
327 4141 390 4190 Mar.
508 4140 556 4191 246
573 4143 672 4202 gignier
683 4140 748 4191 Mar.
761 4140 818 4190 Ald.
832 4141 845 4189 1
858 4141 930 4192 Junt.
946 4141 986 4190 for
996 4143 1077 4204 gigni.
1110 4156 1176 4191 nunc
1187 4144 1261 4204 gigni
1272 4141 1343 4190 Flor.

137 4227 167 4274 31
180 4224 270 4274 (lamb.
304 4222 475 4273 mursuflius.
491 4222 638 4272 forclaasia
741 4224 789 4272 250
807 4230 857 4272 tum
875 4223 955 4273 Laoh.
969 4224 1088 4274 fortuna.
1194 4225 1341 4275 stramo-

110 4346 115 4364 .
136 4324 190 4357 aum
205 4309 301 4369 flamen
318 4307 391 4357 Junt.
412 4306 451 4354 for
468 4307 598 4356 dimissum
610 4308 717 4370 fulmen.
751 4307 883 4354 demissum
898 4308 997 4368 salomo
1014 4307 1079 4356 Mar.
1097 4307 1193 4357 Avano.
1213 4306 1299 4357 which
1318 4307 1340 4356 is

134 4388 254 4451 repeated
269 4403 300 4439 as
315 4402 331 4438 a
348 4387 490 4438 correction
507 4390 535 4437 at
552 4387 597 4436 the
613 4387 664 4437 end
681 4387 711 4437 of
729 4386 771 4436 his
788 4386 907 4436 Catullus
924 4389 976 4438 and
992 4393 1063 4439 must
1079 4388 1110 4438 be
1128 4403 1144 4438 a
1160 4387 1283 4451 misprint
1301 4390 1340 4438 for
