2834 4792
688 250 718 312 V

194 422 339 498 tempore
361 434 425 499 qno
446 413 588 498 primum
610 413 708 478 tellus
728 413 882 478 animalia
903 414 998 493 fudit,
1100 459 1104 465 ·

194 516 240 581 nil
263 525 374 582 tamen
396 526 447 581 est
468 516 553 604 signi
575 517 695 582 mixtas
716 517 861 603 potuisse
882 519 985 583 creari

192 617 280 682 inter
300 639 334 682 se
356 617 495 703 pecudes
517 627 746 704 compactaque
769 619 913 684 membra
934 620 1152 700 animantum,

194 728 364 807 propterea
386 720 463 806 quia
484 743 567 806 quae
588 721 629 786 de
651 721 746 787 terris
767 744 854 787 nunc
876 747 1004 810 quoque
1026 725 1201 792 abundant
1249 745 1306 809 920

196 824 366 893 herbarum
388 847 509 911 genera
529 847 566 891 ac
588 825 697 913 fruges
718 825 914 912 arbustaque
936 828 1023 892 laeta

196 949 260 991 non
283 926 392 992 tamen
415 927 502 992 inter
522 949 556 992 se
578 936 713 1013 possunt
735 929 901 1014 complexa
922 929 1031 1006 creari,

196 1029 252 1093 sed
275 1052 325 1094 res
347 1051 493 1115 quaeque
516 1052 574 1094 suo
596 1029 662 1094 ritu
684 1030 830 1116 procedit
852 1040 886 1096 et
908 1054 1018 1097 omnes

197 1131 323 1197 foedere
346 1142 480 1197 naturae
502 1142 590 1197 certo
612 1133 797 1197 discrimina
818 1143 956 1199 servant.

239 1235 286 1300 At
307 1258 411 1323 genus
433 1236 613 1300 humanum
635 1235 739 1300 multo
761 1237 825 1301 fuit
846 1236 929 1302 illud
952 1237 987 1301 in
1009 1239 1095 1304 arvis
1250 1257 1305 1323 925

197 1338 317 1415 durius,
340 1350 379 1405 ut
401 1339 520 1416 decuit,
541 1340 639 1405 tellus
661 1339 747 1425 quod
768 1340 851 1405 dura
871 1351 1019 1420 creasset,

199 1452 233 1507 et
255 1444 429 1509 maioribus
452 1454 486 1510 et
508 1445 617 1509 solidis
638 1445 743 1531 magis
765 1445 891 1511 ossibus
912 1446 1003 1511 intus

198 1547 380 1622 fundatum,
403 1548 518 1613 validis
539 1558 654 1634 aptum
676 1570 734 1634 per
755 1549 876 1614 viscera
896 1549 1012 1627 nervis,

199 1673 258 1714 noc
280 1650 372 1715 facile
395 1674 433 1717 ex
456 1661 548 1716 aestu
572 1673 631 1717 neo
652 1652 769 1738 frigore
791 1652 877 1738 quod
899 1661 1068 1738 caperetur

199 1776 258 1818 noc
280 1754 424 1819 novitate
447 1754 511 1819 cibi
534 1776 593 1820 nec
615 1754 681 1820 labi
702 1755 841 1840 corporis
863 1754 937 1820 nlla

200 1857 368 1943 multoque
390 1879 448 1943 per
470 1858 595 1923 caelum
616 1858 691 1923 solis
714 1858 877 1923 volventia
898 1858 1002 1923 lustra

202 1956 371 2043 volgivago
395 1957 496 2021 vitam
519 1956 704 2022 tractabant
726 1980 813 2022 more
836 1959 983 2023 ferarum.

201 2084 259 2126 nec
281 2061 433 2126 robustus
454 2070 524 2126 erat
546 2061 637 2126 curvi
659 2062 840 2127 moderator
861 2061 960 2126 aratri

201 2165 380 2252 quisquam,
403 2170 470 2231 nec'
483 2166 587 2232 scibat
610 2166 693 2231 ferro
716 2164 857 2230 molirier
878 2186 956 2229 arva

201 2291 260 2333 noc
282 2291 365 2332 nova
386 2268 534 2334 defodere
556 2269 590 2332 in
613 2277 731 2334 terram
755 2267 896 2352 virgulta
917 2289 1023 2353 neque
1045 2267 1123 2333 altis
1257 2284 1311 2351 935

202 2372 377 2451 arboribus
391 2382 513 2437 veteres
535 2372 682 2438 decidere
704 2371 832 2437 falcibu’
854 2393 965 2437 ramos

202 2477 286 2562 qnod
310 2477 476 2563 soletque
500 2477 618 2543 imbres
640 2464 804 2551 dederant,
828 2476 914 2562 quod
938 2484 1024 2540 terra
1045 2485 1171 2541 crearat

203 2590 317 2666 sponte
340 2604 406 2657 soa,
428 2582 507 2646 satis
529 2582 563 2646 id
586 2582 735 2667 placabat
757 2588 888 2667 pectora
909 2580 1038 2644 donum.

203 2684 397 2770 glandiferas
419 2685 505 2751 inter
527 2686 683 2751 curabant
705 2708 837 2772 corpora
859 2706 995 2771 quercus

203 2790 410 2875 plerumquc;
439 2799 473 2854 ct
496 2813 577 2876 quac
600 2814 686 2856 nunc
709 2792 843 2856 hiberno
866 2800 1010 2878 tempore
1033 2791 1138 2856 cernis
1253 2810 1316 2875 940

203 2893 308 2957 arbita
330 2893 466 2977 puniceo
489 2893 559 2958 ficri
582 2904 709 2959 matura
730 2895 842 2972 colore,

165 3047 173 3065 .
204 2996 342 3080 plurima
364 3006 435 3060 turn
458 2996 555 3061 tellus
577 2997 676 3062 etiarn
699 2998 820 3063 maiora
842 2996 973 3063 ferebat.

174 3136 181 3153 ·
204 3100 371 3185 multaqnc
395 3109 561 3186 praeterea
582 3102 710 3167 novitas
732 3111 803 3167 tum
826 3101 940 3167 florida
960 3103 1075 3168 mundi

204 3205 323 3291 pabula
345 3206 426 3270 dura
448 3207 534 3282 tulit,
558 3206 681 3271 miseris
703 3205 894 3270 mortalibus
915 3206 1030 3292 ampla

205 3319 239 3372 at
262 3308 372 3374 scdere
395 3309 485 3373 sitim
507 3309 600 3373 fluvii
623 3310 790 3396 fontesque
813 3309 980 3387 vocabant,

206 3420 243 3476 ut
266 3435 352 3476 nunc
375 3413 539 3477 montibus
561 3435 579 3477 e
602 3413 728 3499 magnis
751 3413 901 3478 decursus
923 3412 1020 3498 aquai

205 3513 302 3578 claru'
325 3515 406 3578 citat
429 3515 494 3580 late
516 3514 662 3579 sitientia
684 3516 788 3580 saecla
810 3517 958 3581 ferarum.

205 3617 344 3704 denique
367 3626 444 3681 nota
466 3618 539 3704 vagi
562 3619 721 3683 silvestria
743 3619 865 3706 templa
886 3619 1043 3683 tenebant

122 3832 173 3881 Sed
188 3846 227 3881 rer
244 3846 355 3894 quaeque
371 3830 419 3881 Ed.
435 3830 474 3879 for
491 3831 541 3880 Sed
556 3832 579 3879 ai
597 3843 716 3893 quaeque.
753 3830 804 3878 Sed
820 3831 857 3878 ric
874 3829 985 3892 qnodque
1002 3828 1067 3878 Mar.
1081 3828 1128 3895 (stc
1141 3829 1238 3896 Pont.).
1272 3834 1318 3884 Ra

121 3916 157 3962 air
173 3913 266 3963 Lamb.
300 3915 350 3963 Sed
365 3916 405 3962 vr'r
420 3912 500 3963 Laoh.
648 3913 696 3964 925
712 3915 747 3962 At
763 3910 841 3962 Lach.
863 3912 903 3961 for
918 3914 971 3970 Εες
993 3910 1046 3961 and
1062 3910 1108 3963 the
1124 3910 1225 3977 change
1241 3928 1318 3967 seems

122 4010 266 4058 necessary.
391 3996 439 4046 934
450 3997 562 4045 nrolirier
572 3993 924 4044 Briaruntrornwuerter.
956 3994 1079 4044 mollirier
1089 3993 1318 4048 Pont.Mar.asA

121 4092 186 4127 corr.
349 4078 397 4129 944
419 4080 483 4127 darc
498 4075 912 4139 vat.saror1auger.rorarra:
935 4074 1065 4126 aoemain
1081 4078 1233 4129 maestior.
1277 4079 1318 4129 dic

122 4158 219 4208 Arane.
332 4160 380 4210 947
398 4160 562 4209 Otam’citot
579 4159 629 4207 latr
646 4157 768 4219 Forbiger
784 4158 824 4207 for
842 4159 991 4208 Glaricttatt
1007 4172 1025 4207 o
1040 4164 1073 4207 te.
1108 4158 1212 4211 Glorior
1226 4162 1318 4212 accim

121 4239 190 4289 Flor.
202 4241 233 4289 31
250 4239 335 4290 avar.
347 4241 411 4292 Mar.
424 4240 509 4290 Ald.1
525 4240 598 4290 Junt.
614 4239 704 4290 Lamb.
719 4239 757 4290 ed
774 4241 787 4288 1
803 4238 856 4289 and
871 4241 894 4290 2.
931 4241 1069 4289 claricitat
1084 4239 1318 4293 batanaeae

121 4323 187 4372 after
204 4323 267 4374 Sim.
284 4323 387 4376 Bosins.
435 4326 536 4374 Glorior
554 4326 649 4373 invitat
666 4321 779 4373 Politian
796 4322 824 4371 in
840 4336 922 4384 marg.
938 4321 1007 4370 Flor.
1024 4321 1065 4373 29.
1110 4322 1254 4388 Glartaitat
1272 4326 1318 4375 aa

120 4403 198 4454 Lach.
212 4404 270 4455 who
281 4420 368 4456 snoers
380 4411 408 4456 at
419 4405 553 4468 Forbiger:
571 4404 618 4454 but
629 4419 671 4453 ses
682 4409 757 4454 notes
770 4407 793 4453 2.
899 4405 946 4455 948
957 4411 1018 4453 nota
1027 4404 1088 4466 onai
1099 4405 1231 4457 alverno
1240 4405 1316 4459 naon
