2804 4786
721 252 758 317 ΙΙ

207 417 373 483 Dictaeos
395 418 542 482 referunt
564 416 701 482 Curetas
724 415 781 501 qui
803 414 890 479 Iovis
912 413 1006 479 illum

210 521 370 608 vagitum
393 521 427 584 in
451 519 551 587 Creta
572 519 735 606 quondam
757 519 933 583 occultasse
957 518 1114 594 feruntur,

210 647 295 688 cum
318 624 413 710 pueri
435 623 557 688 circum
578 644 716 708 puerum
738 621 867 706 pernice
890 621 1006 686 chorea

212 729 358 794 armatei
379 729 414 792 in
437 750 609 792 numerum
631 728 799 814 pulsarent
820 726 949 792 aeribus
970 749 1054 803 aera,

214 855 262 898 ne
286 833 448 897 Saturnus
470 854 546 897 eum
568 831 661 896 malis
683 831 852 896 mandaret
874 831 1013 916 adeptus

215 945 455 1022 aeternumque
478 936 570 1002 daret
592 937 690 1001 matri
712 936 773 1000 sub
795 945 924 1021 pectore
948 936 1068 1000 volnus.

214 1049 390 1125 propterea
412 1061 563 1126 magnam
586 1039 703 1104 annoti
725 1050 862 1105 matrem
885 1040 1090 1116 comitantur,

214 1151 279 1206 aut
302 1142 377 1228 quia
399 1142 583 1230 significant
604 1142 713 1207 divam
736 1142 918 1228 praedicere
940 1151 980 1206 ut
1002 1141 1100 1205 armis

214 1268 258 1309 ac
280 1246 401 1311 virtute
424 1246 527 1311 velint
549 1246 687 1331 patriam
711 1245 882 1310 defendere
905 1253 1025 1310 terram

213 1348 442 1434 praesidioque
465 1356 581 1433 parent
603 1347 772 1433 decorique
794 1348 984 1433 parentibus
1007 1369 1083 1412 esse.

214 1474 302 1537 quae
324 1453 406 1517 bene
429 1462 464 1517 et
487 1451 603 1515 eximie
627 1451 773 1536 quamvis
795 1450 938 1536 disposta
961 1452 1114 1529 ferantur,

217 1557 315 1642 longe
337 1564 414 1621 sunt
436 1564 547 1620 tamen
569 1578 589 1620 a
611 1577 687 1619 vera
708 1555 832 1620 ratione
855 1554 991 1641 repulsa

218 1661 326 1724 omnis
348 1661 435 1724 enim
458 1681 516 1745 per
537 1681 572 1724 se
594 1659 703 1724 divom
724 1667 843 1723 natura
864 1666 1025 1723 necessest

217 1763 384 1827 inmortali
406 1785 487 1828 aevo
509 1785 636 1827 summa
659 1785 732 1827 cum
756 1785 834 1847 pace
857 1763 986 1826 fruatur

215 1876 343 1931 semota
364 1868 405 1932 ab
429 1867 546 1931 nostris
568 1867 665 1932 rebus
687 1867 897 1952 seiunctaque
920 1867 1034 1954 longe3

215 1993 296 2034 nam
317 1971 444 2057 privata
466 1970 573 2035 dolore
596 1971 692 2047 omui,
714 1970 842 2055 privata
863 1971 998 2056 periclis,

218 2074 291 2161 ipsa
313 2075 379 2139 suis
401 2075 526 2161 pollens
549 2074 673 2160 opibus,
695 2075 741 2138 nil
764 2074 877 2161 indiga
898 2074 1007 2150 nostri,

215 2201 277 2243 nec
299 2179 381 2244 bene
404 2178 587 2265 promeritis
609 2179 737 2263 capitur
758 2200 863 2263 neque
886 2179 1037 2264 tangitur
1059 2177 1114 2242 ira.

120 2286 186 2366 555
217 2283 272 2347 hic
294 2282 394 2368 siquis
417 2305 505 2347 mare
528 2283 723 2368 Neptunum
747 2281 962 2367 Cereremque
987 2305 1098 2347 vocare

216 2386 387 2451 constituit
410 2387 518 2473 fruges
541 2395 575 2451 et
598 2386 718 2451 Bacchi
740 2387 870 2451 nomine
893 2387 987 2451 abuti

216 2490 337 2554 mavolt
359 2512 456 2575 quam
480 2490 585 2555 laticis
607 2489 771 2575 proprium
794 2491 933 2575 proferre
957 2512 1118 2567 vocamen,

216 2593 426 2657 concedamus
450 2601 488 2658 ut
510 2594 564 2658 hic
585 2601 744 2658 terrarum
767 2593 899 2658 dictitet
922 2594 1031 2659 orbem

217 2718 285 2760 esse
307 2695 406 2760 deum
427 2705 573 2773 matrem,
596 2695 674 2759 dum
697 2718 773 2760 vera
795 2719 829 2760 re
853 2703 964 2760 tamen
988 2697 1059 2782 ipse

126 2801 196 2863 680
218 2798 370 2885 religione
392 2798 538 2862 animum
560 2799 651 2884 turpi
673 2799 859 2886 contingere
882 2808 1000 2883 parcat.

135 2901 198 2980 652
220 2911 305 2966 terra
328 2902 458 2987 quidem
476 2925 556 2991 >vero
578 2911 666 2967 caret
688 2902 775 2967 omni
799 2911 943 2987 tempore
965 2925 1070 2978 sensa,

220 3013 252 3068 et
274 3003 351 3090 quia
373 3005 548 3069 multarum
573 3004 697 3090 potitur
719 3005 894 3090 primordia
916 3027 1032 3082 rerum,

220 3109 321 3173 multa
344 3109 447 3195 modis
469 3109 583 3174 multis
605 3110 698 3173 effert
721 3110 754 3172 in
777 3109 902 3173 lumina
924 3110 1008 3173 solia.

151 3207 203 3274 660
263 3212 367 3297 Saepe
391 3211 502 3298 itaque
525 3234 564 3276 ex
587 3234 652 3276 uno
673 3213 847 3277 tondentes
869 3213 1016 3299 gramina
1038 3234 1151 3298 campo

220 3314 379 3402 lanigerae
401 3316 540 3401 pecudes
562 3325 597 3380 et
620 3337 775 3400 equorum
798 3316 936 3380 duellica
959 3316 1063 3401 proles

219 3417 427 3503 buceriaeque
449 3441 562 3505 greges
585 3420 696 3485 eodem
720 3421 780 3485 sub
804 3405 946 3505 tegmine
970 3421 1050 3484 caeli

157 3653 302 3728 ί1117011011
313 3669 366 3719 ed:
383 3669 430 3719 but
443 3684 484 3719 see
495 3670 544 3720 Ph.
556 3672 666 3734 Wagner
677 3671 705 3720 in
718 3671 867 3735 Philologus
879 3673 1042 3735 supplement
1054 3687 1064 3721 1
1075 3688 1099 3735 p.
1115 3674 1171 3731 400,
1184 3674 1331 3735 Conington

156 3737 272 3799 ι0101111
289 3751 335 3799 123
352 3749 405 3799 and
420 3750 593 3801 Lachmann’s
609 3767 667 3801 own
683 3755 758 3802 note:
776 3767 859 3816 comp.
876 3753 932 3802 also
948 3768 975 3802 1v
991 3754 1045 3805 179.
1146 3756 1193 3805 636
1205 3757 1293 3803 Armet
1308 3763 1331 3804 er

147 3819 294 3885 ‚illusarum
301 3836 403 3896 pernice
415 3836 517 3887 chorea:
535 3836 643 3886 omitted
654 3837 688 3899 by
696 3836 772 3886 Pont.
784 3838 837 3886 and
848 3837 940 3887 Lamb.
952 3851 981 3887 as
993 3837 1142 3900 manifestly
1153 3837 1227 3888 made
1239 3852 1274 3899 up
1285 3843 1331 3887 out

155 3899 218 3963 0ἷΰθὸ
228 3914 279 3966 and
290 3915 346 3966 637.
444 3915 492 3965 653
505 3919 644 3967 Constituit
654 3917 735 3966 Lech.
747 3918 786 3967 ior
799 3920 948 3977 0001111001,
961 3933 990 3968 es
1001 3920 1095 3969 roccolt
1106 3919 1213 3968 follows.

154 3978 189 4036 ⁶57
200 3994 275 4058 (680):
293 3995 347 4045 this
361 4009 441 4056 verse,
453 3996 537 4047 which
548 4013 600 4048 was
611 3998 655 4048 the
666 3999 717 4048 last
729 3999 756 4047 of
772 4015 797 4062 p.
810 4001 842 4050 73
854 4000 882 4050 of
897 3999 941 4050 the
953 4001 1097 4063 archetype,
1109 4000 1158 4050 has
1173 3999 1236 4049 been
1247 4002 1330 4049 trans-

154 4059 216 4125 lund
229 4077 316 4128 hither
330 4077 466 4141 byLaoh.:
483 4079 528 4129 the
544 4079 625 4130 scribe
640 4079 750 4130 omitted
765 4080 786 4131 it
801 4081 829 4130 in
845 4081 880 4130 its
895 4081 969 4144 place
984 4082 1036 4131 and
1050 4083 1113 4132 then
1124 4084 1202 4131 wrote
1213 4081 1234 4130 it
1246 4084 1274 4131 et
1286 4081 1329 4132 the

153 4140 229 4207 hilcm
245 4159 274 4208 of
290 4157 336 4209 the
351 4160 438 4221 page.⁴
457 4159 592 4209 Pontanus
610 4160 710 4223 aoutely
725 4175 780 4210 sees
798 4161 855 4211 that
873 4162 936 4212 both
953 4162 998 4212 the
1015 4177 1065 4211 vsa.
1083 4177 1113 4211 as
1129 4162 1204 4224 given
1220 4163 1249 4210 in
1267 4176 1330 4212 mss.

152 4236 366 4302 lrclragmentary.
396 4248 487 4302 parcat
498 4240 577 4290 Lech.
591 4241 630 4291 for
637 4251 740 4304 parato.
769 4258 847 4307 porco
859 4243 927 4294 Flor.
943 4244 973 4292 31
986 4243 1073 4292 (lamb.
1086 4246 1134 4292 etc.

174 4315 291 4372 tus-660
313 4322 461 4388 (osa-654)
485 4323 581 4374 Ihave
598 4325 757 4376 transferred
772 4325 873 4376 hither:
897 4326 941 4375 the
957 4328 1043 4388 itaque
1061 4326 1088 4374 of
1110 4324 1156 4375 661
1180 4324 1329 4390 manifestly

150 4398 211 4453 refers
219 4408 244 4454 to
252 4405 338 4465 them;
355 4419 384 4456 so
391 4405 450 4456 that
461 4406 554 4470 isthey
561 4423 604 4458 are
615 4412 643 4458 to
655 4409 718 4472 keep
730 4409 798 4460 their
808 4409 888 4472 place,
898 4408 962 4459 then
971 4408 1051 4470 (what
1063 4423 1148 4458 comes
1160 4412 1186 4458 to
1198 4408 1277 4459 much
1285 4409 1329 4460 the
