2834 4792
702 219 752 284 VI

219 379 364 446 maxima
385 402 468 466 quae
492 379 575 445 vidit
598 381 743 467 quisque,
766 382 845 447 haec
867 382 1017 470 ingentia
1038 382 1142 468 fingit,

220 506 296 548 curn
317 492 428 548 tamen
451 483 559 547 omnia
581 505 655 548 cum
677 484 765 549 caelo
788 495 938 571 terraque
961 485 1106 572 marique

219 587 268 652 nil
289 587 355 652 sint
376 587 418 653 ad
440 609 600 651 summam
622 589 762 652 summai
785 589 887 654 totius
910 613 1046 657 omnem.

266 691 363 756 Nunc
385 699 496 756 tamen
518 691 575 755 illa
596 691 700 756 modis
722 692 840 777 quibus
862 693 997 758 inritata
1018 704 1152 781 repente

221 794 353 859 flamma
375 794 457 858 foras
479 793 579 858 vastis
601 794 728 858 Aetnae
752 794 933 860 fornacibus
955 797 1052 874 efflet,

222 890 400 983 expediam
445 895 588 981 primum
612 896 715 961 totius
738 897 878 961 subcava
900 899 1021 963 montis

222 1008 273 1065 est
294 1008 419 1077 natura,
442 1001 507 1064 sere
529 998 656 1063 silicum
680 1000 815 1064 suffulta
837 1001 989 1067 cavernis.

221 1102 370 1167 omnibus
392 1110 443 1167 est
465 1124 558 1188 porro
580 1102 615 1165 in
637 1102 800 1188 speluncis
822 1113 940 1168 ventus
962 1114 996 1169 et
1019 1127 1093 1184 aer3

223 1217 340 1273 ventus
363 1208 450 1272 enim
472 1208 519 1283 fit,
542 1207 599 1271 ubi
622 1216 672 1272 est
694 1208 848 1295 agitando
870 1210 1013 1295 percitus
1035 1233 1097 1277 aer.

223 1310 277 1375 hic
299 1310 356 1375 ubi
377 1309 536 1396 percaluit
558 1310 768 1396 calefecitque
791 1312 900 1376 omnia
922 1313 1042 1377 circum

221 1438 298 1480 saxa
320 1417 440 1491 furens,
463 1437 527 1500 qua
550 1415 719 1502 contingit,
741 1424 933 1502 terramque,
956 1427 990 1481 et
1012 1419 1053 1483 ab
1076 1418 1147 1483 ollis

226 1517 366 1582 excussit
388 1516 529 1582 calidum
552 1517 691 1582 flammis
713 1518 876 1583 velocibus
898 1519 1018 1606 ignem,

226 1620 313 1685 tollit
335 1642 368 1684 se
390 1642 428 1684 ac
449 1620 547 1684 rectis
569 1620 617 1684 ita
639 1621 786 1686 faucibus
809 1622 885 1686 eicit
907 1623 982 1688 alte.

227 1723 289 1788 fert
311 1723 423 1808 itaque
445 1723 591 1787 ardorem
615 1723 709 1810 longe
732 1724 890 1810 longeque
913 1725 1056 1790 favillam

227 1827 336 1892 differt
359 1835 393 1891 et
416 1849 521 1892 crassa
544 1827 645 1891 volvit
668 1827 805 1915 caligine
828 1829 952 1892 firmum

229 1931 438 2016 extruditque
461 1930 559 1995 simul
582 1931 727 1995 mirando
750 1932 890 2016 pondere
912 1955 1006 2014 saxa;

227 2058 269 2098 ne
291 2034 421 2099 dubites
444 2034 523 2119 quin
546 2034 624 2098 haec
646 2034 766 2098 animai
789 2036 920 2100 turbida
942 2037 986 2102 sit
1008 2038 1064 2103 vis.

229 2147 395 2224 praeterea
416 2160 536 2225 magna
557 2160 597 2202 ex
620 2138 705 2223 parti
728 2161 815 2202 mare
838 2140 958 2204 montis
980 2141 1022 2205 ad
1044 2141 1114 2207 eius

228 2241 350 2306 radices
373 2240 493 2327 frangit
515 2240 634 2305 fluctus
656 2250 847 2326 aestumque
870 2243 1020 2308 resorbet.

231 2367 271 2410 ex
293 2345 352 2409 hoc
374 2366 477 2430 usque
502 2343 582 2407 mari
604 2344 776 2430 speluncae
799 2346 919 2409 montis
941 2347 982 2411 ad
1004 2347 1087 2412 altas

228 2446 423 2532 perveniunt
445 2445 558 2510 subter
580 2446 695 2510 lauces.
734 2447 793 2510 hac
816 2447 862 2511 ire
886 2448 1087 2514 fatendumst

229 2666 264 2722 et
286 2665 455 2743 penetrare
478 2657 560 2720 mari
582 2656 714 2742 penitus
735 2679 786 2721 res
809 2657 895 2742 cogit
918 2665 1029 2742 aperto

231 2770 329 2847 atque
352 2761 460 2826 efflare
483 2761 565 2825 foras
588 2761 724 2847 ideoque
747 2761 900 2826 extollere
924 2762 1087 2826 flammam

230 2887 370 2951 saxaque
393 2865 573 2929 subiectare
596 2873 630 2929 et
653 2887 767 2928 arenae
791 2865 903 2930 tollere
925 2865 1059 2929 nimbos.

229 2969 264 3034 in
287 2990 414 3033 summo
438 2976 515 3032 sunt
537 2968 657 3032 vertice
681 2967 768 3031 enim
791 2976 938 3044 crateres,
961 2977 999 3032 ut
1021 2968 1085 3053 ipsi

230 3071 446 3150 nominitant3
476 3093 533 3135 nos
555 3070 641 3156 quod
665 3070 773 3134 fauces
793 3070 1003 3156 perhibemus
1025 3080 1059 3135 et
1082 3094 1144 3137 ora.

274 3176 360 3241 Sunt
381 3175 506 3259 aliquot
529 3197 657 3260 quoque
679 3196 730 3238 res
753 3196 890 3258 quarum
913 3197 1012 3239 unam
1034 3174 1140 3239 dicere
1162 3199 1293 3240 causam

230 3301 296 3343 non
318 3278 397 3342 satis
420 3286 479 3353 est,
501 3299 613 3341 verum
635 3276 746 3362 pluris,
769 3276 855 3340 unde
878 3297 943 3339 una
966 3285 1076 3342 tamen
1099 3277 1160 3357 sit3

151 3561 178 3610 31
190 3558 279 3610 camb.
291 3573 341 3609 one
351 3558 411 3610 Vnt.
422 3557 513 3608 hamb.
665 3556 713 3606 383
719 3559 775 3619 sere
786 3559 887 3607 silicum
897 3557 920 3605 A
931 3571 995 3606 corr.
1007 3557 1076 3606 Flor.
1089 3558 1120 3605 31
1132 3557 1221 3607 (lamb.
1234 3558 1273 3607 for
1281 3560 1350 3621 feres

148 3645 188 3692 illi
199 3657 263 3692 cum.
369 3640 417 3693 387
429 3643 552 3703 continpc't
562 3640 632 3689 Flor.
644 3641 675 3689 31
687 3639 758 3690 Brix.
774 3640 839 3689 Mar.
852 3640 892 3688 for
904 3642 1019 3701 00111911.
1129 3638 1177 3690 690
1188 3641 1249 3689 Fert
1259 3642 1347 3704 itaque

148 3723 237 3774 Heins.
248 3723 278 3772 in
290 3736 339 3774 ms.
353 3727 427 3772 notes
438 3722 491 3772 and
502 3723 581 3772 Lach.
594 3723 633 3771 lor
645 3724 706 3771 Fert
717 3725 793 3785 itque.
836 3723 957 3783 Fecitque
967 3721 1038 3769 Nice.
1082 3722 1211 3784 Vertitquc
1223 3721 1258 3770 Is.
1271 3722 1345 3774 Voss.

147 3804 176 3854 in
190 3820 240 3855 1111.
255 3807 339 3854 notes.
474 3803 521 3854 695
538 3806 646 3853 resorbet
660 3803 730 3852 Flor.
747 3805 778 3852 31
794 3803 883 3853 Gamb.
898 3805 914 3851 3
930 3802 989 3851 Vat.
1002 3802 1066 3853 Mar.
1080 3801 1120 3850 for
1131 3805 1248 3852 resolvet:
1265 3818 1282 3853 1
1297 3804 1349 3853 fine

147 3885 298 3937 correction.
438 3884 487 3936 397
500 3899 541 3933 sea
553 3883 641 3933 Camb.
653 3884 669 3933 J
671 3898 744 3932 ourn.
757 3883 785 3932 of
795 3883 860 3946 phil.
873 3898 883 3932 1
894 3898 920 3946 p.
931 3884 971 3944 40,
986 3883 1068 3932 where
1079 3883 1092 3931 I
1105 3883 1161 3933 said
1172 3883 1231 3934 that
1242 3886 1270 3933 at
1282 3884 1350 3934 least

147 3983 196 4019 one
206 3983 280 4018 versa
290 3967 313 4017 is
324 3965 386 4017 here
400 3965 469 4016 lost:
486 3965 516 4014 in
526 3965 570 4014 the
582 3965 686 4014 smaller
696 3965 735 4013 ed.
748 3966 761 4014 I
776 3965 902 4027 proposed
917 3979 1015 4014 averse
1027 3963 1090 4013 such
1104 3979 1133 4014 11
1145 3965 1206 4024 this,
1218 3966 1351 4015 Fluctibus

145 4053 287 4102 admixtam
305 4052 356 4100 vim
374 4051 458 4106 venti;
481 4050 627 4110 introrepere
647 4048 678 4096 ab
697 4049 759 4096 isto:
782 4045 867 4095 which
883 4045 936 4094 will
958 4061 1029 4095 serve
1051 4050 1078 4095 to
1096 4045 1165 4096 shew
1182 4047 1226 4097 the
1242 4049 1348 4110 general

145 4131 278 4193 meaning.
310 4128 389 4180 111011.
403 4129 529 4191 violently
545 4127 619 4178 reads
633 4130 735 4190 penitus
749 4134 867 4189 percocta
883 4128 912 4175 iu
928 4134 1041 4188 apertum
1059 4126 1098 4175 for
1111 4130 1212 4188 penitus
1228 4143 1266 4177 rea
1284 4132 1350 4190 copie

145 4220 242 4277 aperto.
335 4212 383 4262 ’101
394 4213 484 4261 vertice
496 4213 562 4260 caim
573 4209 685 4258 Turneb.
697 4208 796 4258 advers.
808 4222 864 4256 xx11
876 4208 916 4269 19,
930 4207 964 4257 Is.
979 4208 1053 4256 Voss.
1065 4208 1094 4256 in
1105 4223 1153 4260 1111.
1168 4214 1249 4272 notes,
1263 4212 1349 4262 Bentl.

144 4296 186 4346 for
202 4295 332 4346 1011111111.
368 4291 480 4342 Turneb.
492 4293 548 4342 also
564 4305 686 4354 proposes
703 4290 755 4339 and
772 4304 854 4339 seems
871 4293 898 4338 to
915 4289 998 4352 prefer
1013 4292 1136 4351 varicem·
1152 4291 1239 4342 which
1254 4294 1345 4346 hamb.

141 4375 185 4428 ed.
197 4377 213 4426 3
223 4374 317 4437 adopts
328 4374 395 4424 from
405 4374 469 4424 him.
502 4375 594 4424 uertice
608 4374 668 4423 item
680 4372 745 4422 Mar.
757 4371 815 4420 Ald.
829 4372 843 4419 1
855 4371 928 4422 Junt.
1030 4372 1078 4422 702
1089 4374 1163 4434 qnod.
1198 4390 1261 4437 quac
1272 4376 1350 4427 Pont.

1159 4459 1265 4521 18-2
