2834 4792
666 231 722 297 III

188 403 322 460 naturas
343 392 512 458 hominum
534 391 640 456 varias
660 413 829 477 moresque
850 392 1016 478 sequacis;
1254 409 1313 478 315

188 517 325 582 quorum
347 516 408 582 ego
429 516 516 559 nuuc
537 515 662 580 nequeo
684 515 794 558 caecas
815 515 975 579 exponere
997 517 1110 560 causas

190 622 249 664 neo
271 597 412 685 reperire
432 598 611 684 figurarum
633 604 684 662 tot
705 597 838 662 uomina
861 607 941 682 quot
962 607 1041 663 suut

188 701 364 788 principiis,
386 700 472 766 unde
495 699 574 764 haec
595 699 700 765 oritur
721 700 881 765 variantia
901 722 1018 767 rerum.

191 806 273 871 illud
295 805 332 872 in
352 805 403 870 his
424 804 522 870 rebus
543 804 655 869 videor
675 805 802 869 firmare
824 812 960 890 potesse,

188 908 393 995 usqueadeo
414 916 605 972 naturarum
627 907 766 995 vestigia
788 907 893 994 linqui

188 1013 320 1098 parvola
340 1033 424 1098 quae
445 1019 587 1097 nequeat
608 1012 691 1076 ratio
712 1011 873 1097 depellere
895 1010 997 1088 nobis,

188 1125 227 1181 ut
249 1115 297 1179 nil
319 1114 466 1201 inpediat
486 1113 620 1200 dignam
641 1113 692 1178 dis
713 1114 830 1199 degere
852 1114 963 1179 vitam.

232 1218 324 1282 Haeo
346 1217 448 1303 igitur
469 1224 588 1280 natura
609 1224 741 1281 tenetur
762 1237 892 1301 corpore
914 1215 956 1281 ab
977 1216 1068 1280 omni

187 1321 322 1407 ipsaque
344 1320 484 1406 corporis
506 1327 556 1384 est
578 1327 686 1383 custos
708 1327 743 1383 et
765 1341 861 1384 causa
882 1318 1019 1399 salutis3

188 1447 264 1489 nam
286 1423 512 1487 communibus
533 1422 620 1486 inter
641 1443 675 1486 se
697 1422 860 1487 radicibus
882 1422 1019 1486 haerent

187 1550 246 1593 nec
269 1527 338 1592 sine
360 1525 501 1613 pernicie
523 1525 634 1590 divelli
656 1546 749 1610 posse
771 1525 932 1590 videntur.

188 1631 274 1718 quod
296 1652 400 1718 genus
421 1651 440 1695 e
462 1628 568 1694 thuris
589 1627 714 1716 glaebis
736 1629 873 1693 evellere
895 1627 1025 1692 odorem

188 1735 276 1800 haud
299 1734 392 1800 facile
415 1742 465 1798 est
487 1732 566 1818 quin
588 1728 730 1798 intereat
753 1740 872 1797 natura
892 1754 1022 1818 quoque
1044 1733 1122 1798 eius.

189 1841 234 1906 sic
256 1840 358 1906 animi
379 1848 478 1923 atque
500 1839 628 1903 animae
650 1847 803 1903 naturam
825 1860 954 1924 corpore
977 1845 1048 1904 toto

188 1944 357 2009 extrahere
380 1943 462 2007 haut
485 1942 577 2007 facile
600 1950 650 2006 est
672 1943 753 2027 quin
774 1943 884 2007 omnia
904 1943 1132 2009 dissoluantur.

188 2046 327 2133 inplexis
348 2047 396 2110 ita
417 2044 583 2131 principiis
605 2044 647 2110 ab
669 2044 793 2131 origine
814 2044 920 2129 prima

188 2152 275 2217 inter
296 2172 331 2215 se
354 2150 439 2214 fiunt
462 2149 600 2214 consorti
621 2148 770 2234 praedita
792 2148 869 2225 vita,

188 2277 248 2320 nec
269 2253 332 2319 sibi
355 2274 501 2339 quaeque
524 2251 593 2317 sine
615 2252 750 2317 alterius
771 2252 804 2316 vi
826 2273 918 2336 posse
941 2252 1072 2317 videtur

188 2359 328 2444 corporis
349 2367 448 2442 atque
470 2355 571 2420 animi
592 2377 736 2421 seorsum
758 2356 879 2421 sentire
902 2363 1054 2441 potestas

188 2463 245 2529 sed
267 2460 492 2527 communibus
514 2460 676 2525 intereas
698 2461 857 2525 conflatur
878 2460 1045 2546 utrimque

188 2566 332 2630 motibus
354 2586 506 2629 accensus
528 2564 620 2630 uobis
642 2587 698 2650 per
720 2565 842 2629 viscera
863 2586 984 2631 sensus.

187 2676 355 2755 praeterea
376 2688 490 2751 corpus
511 2688 569 2751 per
591 2689 624 2731 se
647 2689 707 2731 nec
728 2667 875 2753 gignitur
896 2689 1051 2753 umquam

189 2794 248 2836 nec
270 2771 384 2835 crescit
406 2791 512 2855 neque
534 2778 608 2855 post
632 2777 769 2834 mortem
792 2770 907 2834 durare
930 2770 1067 2835 videtur.

189 2897 254 2939 non
277 2875 372 2950 enim,
395 2881 433 2936 ut
456 2895 549 2937 umor
570 2895 672 2958 aquae
695 2872 836 2937 dimittit
858 2894 953 2958 saepe
975 2895 1129 2959 vaporem
1213 2949 1216 2954 ,

190 2978 245 3064 qui
268 2976 365 3041 datus
388 2984 446 3050 est,
469 2997 573 3060 nequo
596 2998 635 3040 ea
657 2997 755 3040 causa
776 2975 968 3039 convellitur
989 2975 1068 3060 ipse,

190 3081 247 3145 sed
270 3086 381 3144 manet
403 3078 582 3155 incolumis,
604 3100 678 3154 non,
702 3079 845 3165 iuquam,
867 3079 913 3142 sic
935 3079 1056 3144 animai

190 3182 361 3248 discidium
383 3189 517 3267 possunt
539 3188 630 3245 artus
651 3181 792 3266 perferre
814 3181 928 3258 relicti,

190 3287 247 3352 sed
269 3286 400 3372 penitus
422 3294 560 3371 pereunt
582 3285 726 3350 convulsi
748 3307 871 3371 conque
896 3293 1099 3370 putrescunt.

191 3413 230 3455 ex
253 3391 387 3455 ineunte
410 3411 488 3454 aevo
510 3389 556 3453 sio
578 3389 718 3473 corporis
739 3397 838 3474 atque
860 3387 982 3452 animai

190 3503 308 3559 mutua
329 3492 438 3557 vitalis
460 3491 588 3556 discunt
611 3492 761 3578 contagia
783 3499 891 3556 motus

192 3598 346 3662 maternis
369 3596 468 3660 etiam
490 3594 644 3659 membris
666 3595 803 3680 alvoque
826 3603 965 3679 reposta,

191 3700 361 3766 discidium
384 3708 420 3764 ut
441 3707 582 3784 nequeat
603 3698 675 3763 fieri
696 3698 766 3763 siue
788 3706 881 3783 peste
904 3697 1072 3782 maloque3

104 3881 156 3940 AB,
168 3879 251 3929 which
262 3879 339 3929 Luor.
354 3893 415 3940 may
426 3877 492 3928 have
503 3877 621 3927 written:
639 3892 668 3927 so
684 3879 800 3941 quodvis
814 3878 859 3926 AB
874 3876 904 3926 in
920 3877 999 3928 1090:
1017 3876 1151 3938 Augustus
1167 3877 1195 3926 iu
1210 3875 1255 3928 his
1270 3890 1329 3928 ren

106 3966 191 4025 gestae
202 3960 288 4009 writes
298 3961 420 4023 aliquod3
437 3974 465 4008 as
476 3959 537 4008 does
551 3958 574 4007 B
589 3957 618 4007 in
629 3973 656 4008 vr
672 3960 734 4011 317:
752 3961 835 4023 capud
849 3959 872 4007 Δ
887 3973 917 4008 or
931 3957 953 4006 B
968 3957 1125 4020 ropeatedly.
1159 3958 1208 4009 319
1223 3960 1329 4010 cidem

105 4044 188 4094 Faber
199 4045 240 4093 tor
250 4045 332 4093 video.
358 4043 464 4105 fimmre
476 4040 535 4089 Ver.
546 4040 610 4089 Ven.
623 4040 662 4089 lor
668 4041 789 4103 formare.
823 4038 1042 4090 321uobisIraoh.
1055 4039 1195 4090 fornoctie.
1233 4041 1328 4092 dicti*

106 4125 172 4174 Mar.
181 4124 239 4174 Ald.
250 4124 264 4172 1
275 4122 448 4172 suntuamb.
458 4121 496 4173 ed
511 4120 586 4171 land
597 4122 621 4170 2.
649 4122 729 4170 doctis
740 4120 831 4170 Lamb.
841 4120 881 4171 ed.
890 4122 915 4170 3.
976 4121 1100 4183 332fluut
1111 4123 1329 4175 comorti...oitc=

106 4208 170 4258 Mar.
183 4206 256 4257 Junt.
269 4206 310 4256 for
319 4207 428 4255 coruorti
438 4206 616 4268 fiunt...oitoe.
715 4205 763 4252 333
774 4203 872 4266 though
887 4202 1014 4262 sound‚is
1029 4203 1109 4252 much
1123 4204 1263 4267 corrupted
1276 4203 1329 4266 b:

107 4288 172 4338 Mar.
184 4289 259 4338 Junt.
270 4286 362 4336 hamb.
374 4285 442 4348 vulg.
512 4286 560 4334 335
572 4299 614 4335 eoa
625 4283 706 4334 Lech.
717 4285 759 4333 for
768 4300 823 4345 eoa;
840 4299 869 4334 as
880 4300 920 4334 eos
931 4285 954 4334 is
965 4287 1087 4347 contrary
1097 4287 1126 4334 to
1137 4283 1183 4335 the
1193 4299 1272 4348 usage
1282 4293 1329 4334 od

106 4370 181 4420 Lucr.
264 4369 313 4419 346
328 4375 428 4432 reporto
443 4369 540 4418 Avanc.
558 4367 598 4416 for
614 4373 718 4430 reposto.
751 4369 843 4430 reposti
860 4366 924 4417 Mar.
944 4365 1019 4416 Junt.
1036 4365 1146 4416 without
1163 4380 1239 4417 sense
1264 4374 1329 4416 nod
