2834 4792
659 203 690 268 V

162 372 198 430 et
220 387 278 430 cur
299 374 385 431 terra
406 375 505 453 queat
527 366 637 432 lunam
661 367 797 454 spoliare
820 367 960 434 vicissim

164 466 287 533 lumine
309 475 344 533 et
366 490 553 554 oppressum
576 469 675 535 solem
698 493 795 556 super
817 471 887 557 ipsa
909 479 1030 549 tenere,

163 578 330 635 menstrua
351 570 430 635 dum
452 571 572 658 rigidas
594 572 666 636 coni
688 573 866 658 perlabitur
888 575 1035 655 umbras;

163 681 308 759 tempore
332 673 444 738 eodem
466 674 550 739 aliut
571 685 713 761 nequeat
734 698 918 742 succurrere
941 677 1036 742 lunae

163 798 278 861 corpus
300 776 351 840 vel
373 798 469 862 supra
491 777 566 843 solis
588 778 747 864 perlabier
768 779 886 857 orbem,

163 879 250 966 quod
271 879 377 946 radios
398 881 614 969 interrumpat
637 883 811 969 lumenque
833 885 1024 970 profusum?

166 994 200 1051 et
222 993 333 1051 tamen
355 985 427 1071 ipsa
448 1008 505 1051 suo
528 986 556 1052 si
579 986 684 1074 fulget
706 987 784 1052 luna
805 987 919 1063 nitore,

164 1114 222 1156 cur
243 1100 384 1178 nequeat
406 1101 494 1157 certa
516 1093 630 1158 mundi
652 1093 858 1180 languescere
881 1102 981 1179 parte,

166 1194 244 1258 dum
267 1194 336 1259 loca
358 1194 537 1260 luminibus
558 1195 695 1281 propriis
716 1195 848 1260 inimica
869 1218 927 1282 per
949 1195 1041 1261 exit?

207 1296 303 1378 Quod
325 1305 479 1384 superest,
503 1297 655 1384 quoniam
678 1299 788 1386 magni
810 1321 868 1385 per
889 1299 1017 1366 caerula
1039 1301 1153 1365 mundi

163 1422 229 1486 qua
251 1400 320 1465 fieri
343 1400 497 1486 quicquid
518 1409 627 1487 posset
649 1402 774 1466 ratione
796 1402 920 1481 resolvi,

165 1504 240 1570 solis
262 1504 313 1570 uti
335 1504 438 1569 varios
460 1527 572 1570 cursus
594 1505 754 1590 lunaeque
776 1514 903 1570 meatus

162 1631 291 1674 noscere
313 1630 479 1695 possemus
501 1630 583 1694 quae
606 1609 655 1673 vis
678 1616 712 1673 et
734 1631 830 1674 causa
852 1609 960 1686 cieret,

166 1735 270 1799 quove
293 1713 387 1778 modo
404 1721 532 1798 poscent
554 1712 669 1777 offecto
691 1711 814 1778 lumine
836 1712 925 1778 obire

166 1825 200 1882 et
222 1839 327 1903 neque
350 1816 513 1902 opinantis
535 1816 677 1881 tenebris
700 1816 858 1881 obducere
881 1826 991 1895 terras,

165 1941 240 1984 cum
262 1919 355 2004 quasi
377 1919 527 1985 conivent
550 1927 584 1984 et
606 1927 718 2005 aperto
741 1919 863 1983 lumine
886 1942 1013 1984 rursum

166 2022 274 2087 omnia
295 2022 466 2087 convisunt
488 2022 572 2087 clara
594 2022 663 2087 loca
684 2021 821 2087 candida
842 2022 922 2100 luce,

166 2147 252 2189 nunc
273 2124 369 2189 redeo
391 2123 433 2188 ad
454 2123 569 2189 mundi
591 2125 769 2189 novitatem
793 2133 827 2190 et
849 2125 959 2189 mollia
980 2133 1085 2190 terrae

165 2252 250 2306 arva,
272 2251 355 2293 novo
377 2229 446 2293 fetu
470 2228 548 2314 quid
569 2228 712 2314 primum
734 2229 768 2294 in
791 2229 923 2294 luminis
945 2252 1015 2294 oras

165 2332 278 2397 tollere
301 2340 335 2397 et
357 2331 489 2397 incertis
510 2332 630 2397 crerint
652 2333 853 2398 committere
877 2333 989 2398 ventis

209 2434 370 2521 Principio
390 2457 494 2522 genus
516 2435 690 2500 herbarum
712 2435 912 2521 viridemque
934 2435 1072 2500 nitorem

165 2548 253 2604 terra
274 2539 365 2604 dedit
386 2540 507 2604 circum
529 2538 619 2604 collis
642 2561 834 2625 camposque
856 2561 914 2624 per
936 2538 1049 2616 omnis,

166 2641 279 2706 florida
300 2641 460 2707 fulserunt
483 2641 636 2706 viridanti
658 2651 752 2727 prata
774 2641 886 2718 colore,

166 2745 397 2830 arboribusque
419 2745 565 2809 datumst
587 2743 685 2809 variis
707 2742 823 2809 exinde
845 2766 903 2830 per
923 2764 1019 2808 auras

165 2849 328 2914 crescendi
350 2871 505 2936 magnum
527 2848 669 2913 inmissis
691 2857 854 2913 certamen
877 2846 1019 2911 habenis

167 2960 205 3018 ut
226 2952 338 3038 pluma
360 2960 459 3037 atque
481 2951 540 3038 pili
562 2952 703 3037 primum
726 2959 899 3035 saetaeque
921 2958 1073 3014 creantur

167 3054 402 3142 quadripedum
424 3054 577 3120 membris
599 3064 633 3119 et
655 3076 785 3141 corpore
807 3053 1086 3139 pennipotentum,

167 3160 213 3224 sic
235 3168 411 3224 novatum
433 3158 532 3224 tellus
553 3158 669 3223 herbas
692 3158 897 3245 virgultaque
919 3157 1061 3243 primum

167 3263 310 3341 sustulit,
331 3262 407 3328 inde
428 3255 491 3327 loci
513 3261 661 3327 mortalia
683 3261 786 3327 saecla
807 3261 929 3326 creavit

167 3367 273 3432 multa
294 3366 397 3432 modis
419 3366 532 3431 multis
555 3365 644 3430 varia
664 3366 789 3430 ratione
812 3373 927 3429 coorta.

167 3492 244 3535 nam
267 3491 371 3556 neque
394 3469 435 3533 de
457 3468 544 3534 caelo
567 3468 718 3533 cecidisse
741 3467 894 3532 animalia
915 3474 1049 3553 possunt

168 3595 228 3637 nec
250 3573 415 3638 terrestria
437 3572 477 3637 de
500 3572 590 3636 salsis
613 3571 716 3636 exisse
739 3570 869 3636 lacunis.

168 3675 328 3762 linquitur
351 3682 389 3739 ut
410 3674 526 3739 merito
549 3682 732 3739 maternum
754 3695 872 3737 nomen
895 3672 1014 3758 adepta

167 3787 254 3843 terra
275 3778 327 3854 sit,
350 3799 368 3842 e
390 3786 477 3842 terra
499 3776 650 3862 quoniam
673 3783 750 3840 sunt
772 3783 890 3839 cuncta
912 3782 1027 3839 creata.

168 3882 337 3967 multaque
359 3904 445 3946 nunc
468 3881 567 3946 etiam
590 3880 736 3946 existunt
759 3879 913 3944 animalia
935 3878 1029 3944 terris

116 4111 164 4164 768
169 4112 263 4174 stupet.
291 4110 374 4172 sulpit
384 4107 474 4158 Lamb.
488 4105 567 4158 Isacia
704 4105 842 4159 tv1=vta
979 4107 1027 4158 776
1039 4113 1139 4169 paueat
1154 4106 1237 4158 added
1253 4107 1287 4172 by

116 4192 152 4244 ix
188 4194 285 4242 raham
300 4192 357 4253 (not
371 4191 483 4252 vacant)
499 4187 567 4239 Flor.
582 4188 614 4237 31
631 4186 719 4239 (lamb.
735 4187 799 4238 Mar.
814 4187 870 4238 Ald
886 4186 985 4238 lJunt.
1000 4187 1109 4250 Nauger.
1123 4187 1214 4239 Lamb.
1230 4188 1282 4240 Gis.

116 4275 182 4326 each
192 4274 267 4325 wm.
375 4273 422 4325 782
433 4272 529 4321 Tollere
540 4278 565 4321 et
576 4270 654 4319 Pont.
666 4269 732 4320 Mar.
741 4269 798 4319 Ald.
809 4271 823 4318 l
835 4269 908 4322 Junt.
923 4269 963 4319 ior
973 4270 1087 4320 Tollere&
1123 4272 1217 4320 crerint
1224 4286 1287 4321 com·

117 4366 179 4409 ttere
194 4355 274 4407 Orelli
288 4355 334 4406 ecl.
347 4356 416 4418 poet
427 4353 496 4412 Lat..
508 4351 612 4414 Madvig
627 4351 655 4400 in
670 4350 833 4402 Henriohsen
849 4350 880 4401 de
895 4351 959 4412 frag.
970 4350 1042 4400 eota
1058 4365 1084 4414 p.
1096 4351 1137 4412 36,
1153 4350 1233 4404 Lech.
1252 4352 1288 4401 all

1095 4436 1201 4498 15-2
