<?xml version="1.0" encoding="UTF-8"?>
<!DOCTYPE html PUBLIC "-//W3C//DTD XHTML 1.0 Transitional//EN"
    "http://www.w3.org/TR/xhtml1/DTD/xhtml1-transitional.dtd">
<html xmlns="http://www.w3.org/1999/xhtml" xml:lang="en" lang="en">
 <head>
  <title>
</title>
<meta http-equiv="Content-Type" content="text/html;charset=utf-8" />
  <meta name='ocr-system' content='tesseract 3.04.00' />
  <meta name='ocr-capabilities' content='ocr_page ocr_carea ocr_par ocr_line ocrx_word'/>
</head>
<body>
  <div class='ocr_page' id='page_1' title='image "./tlucreticarider02duffgoog_0203.png"; bbox 0 0 2834 4792; ppageno 0'>
   <div class='ocr_carea' id='block_1_1' title="bbox 721 260 771 328">
    <p class='ocr_par' dir='ltr' id='par_1_1' title="bbox 721 260 771 328">
     <span class='ocr_line' id='line_1_1' title="bbox 721 260 771 328; baseline 0 0"><span class='ocrx_word' id='word_1_1' title='bbox 721 260 771 328; x_wconf 86' lang='lat' dir='ltr'>IV</span> 
     </span>
    </p>
   </div>
   <div class='ocr_carea' id='block_1_2' title="bbox 238 425 1387 3508">
    <p class='ocr_par' dir='ltr' id='par_1_2' title="bbox 238 425 1387 1030">
     <span class='ocr_line' id='line_1_2' title="bbox 239 425 1212 514; baseline 0 -24"><span class='ocrx_word' id='word_1_2' title='bbox 239 426 361 512; x_wconf 89' lang='lat' dir='ltr'>quippe</span> <span class='ocrx_word' id='word_1_3' title='bbox 383 426 504 492; x_wconf 81' lang='lat' dir='ltr'><strong>etenim</strong></span> <span class='ocrx_word' id='word_1_4' title='bbox 527 426 631 491; x_wconf 91' lang='lat' dir='ltr'>multo</span> <span class='ocrx_word' id='word_1_5' title='bbox 654 427 758 514; x_wconf 86' lang='lat' dir='ltr'>magis</span> <span class='ocrx_word' id='word_1_6' title='bbox 779 426 859 491; x_wconf 91' lang='lat' dir='ltr'>haec</span> <span class='ocrx_word' id='word_1_7' title='bbox 881 434 959 490; x_wconf 89' lang='lat' dir='ltr'>sunt</span> <span class='ocrx_word' id='word_1_8' title='bbox 980 425 1093 491; x_wconf 88' lang='lat' dir='ltr'>tenvia</span> <span class='ocrx_word' id='word_1_9' title='bbox 1113 432 1212 490; x_wconf 83' lang='lat' dir='ltr'>textu</span> 
     </span>
     <span class='ocr_line' id='line_1_3' title="bbox 240 528 1168 616; baseline 0 -24"><span class='ocrx_word' id='word_1_10' title='bbox 240 550 338 614; x_wconf 91' lang='lat' dir='ltr'>quam</span> <span class='ocrx_word' id='word_1_11' title='bbox 360 551 444 616; x_wconf 87' lang='lat' dir='ltr'>quae</span> <span class='ocrx_word' id='word_1_12' title='bbox 466 529 650 614; x_wconf 88' lang='lat' dir='ltr'>percipiunt</span> <span class='ocrx_word' id='word_1_13' title='bbox 672 529 780 594; x_wconf 88' lang='lat' dir='ltr'>oculos</span> <span class='ocrx_word' id='word_1_14' title='bbox 802 528 973 616; x_wconf 88' lang='lat' dir='ltr'>visumque</span> <span class='ocrx_word' id='word_1_15' title='bbox 995 528 1168 604; x_wconf 75' lang='lat' dir='ltr'>lacessrmt</span> 
     </span>
     <span class='ocr_line' id='line_1_4' title="bbox 239 632 1361 718; baseline 0.001 -22"><span class='ocrx_word' id='word_1_16' title='bbox 239 632 378 717; x_wconf 81' lang='lat' dir='ltr'>eorporis</span> <span class='ocrx_word' id='word_1_17' title='bbox 400 632 479 697; x_wconf 91' lang='lat' dir='ltr'>haec</span> <span class='ocrx_word' id='word_1_18' title='bbox 501 632 654 717; x_wconf 88' lang='lat' dir='ltr'>quoniam</span> <span class='ocrx_word' id='word_1_19' title='bbox 675 640 851 717; x_wconf 88' lang='lat' dir='ltr'>penetrant</span> <span class='ocrx_word' id='word_1_20' title='bbox 872 653 1023 717; x_wconf 89' lang='lat' dir='ltr'>perrara</span> <span class='ocrx_word' id='word_1_21' title='bbox 1044 632 1198 718; x_wconf 73' lang='lat' dir='ltr'>cientque</span> <span class='ocrx_word' id='word_1_22' title='bbox 1299 648 1361 716; x_wconf 87' lang='lat'>730</span> 
     </span>
     <span class='ocr_line' id='line_1_5' title="bbox 238 735 1387 822; baseline 0.002 -24"><span class='ocrx_word' id='word_1_23' title='bbox 238 744 372 799; x_wconf 88' lang='lat' dir='ltr'>tenvem</span> <span class='ocrx_word' id='word_1_24' title='bbox 394 735 495 799; x_wconf 88' lang='lat' dir='ltr'>animi</span> <span class='ocrx_word' id='word_1_25' title='bbox 517 745 667 801; x_wconf 88' lang='lat' dir='ltr'>naturam</span> <span class='ocrx_word' id='word_1_26' title='bbox 690 736 780 801; x_wconf 87' lang='lat' dir='ltr'>intus</span> <span class='ocrx_word' id='word_1_27' title='bbox 802 758 996 822; x_wconf 81' lang='lat' dir='ltr'>sensumque</span> <span class='ocrx_word' id='word_1_28' title='bbox 1019 736 1191 802; x_wconf 85' lang='lat' dir='ltr'>lacessunt.</span> <span class='ocrx_word' id='word_1_29' title='bbox 1384 736 1387 744; x_wconf 79' lang='grc'><strong>’</strong></span> 
     </span>
     <span class='ocr_line' id='line_1_6' title="bbox 239 835 1154 925; baseline 0.001 -22"><span class='ocrx_word' id='word_1_30' title='bbox 239 835 422 903; x_wconf 80' lang='lat' dir='ltr'>Centauros</span> <span class='ocrx_word' id='word_1_31' title='bbox 443 839 554 925; x_wconf 87' lang='lat' dir='ltr'>itaque</span> <span class='ocrx_word' id='word_1_32' title='bbox 577 849 611 904; x_wconf 89' lang='lat' dir='ltr'>et</span> <span class='ocrx_word' id='word_1_33' title='bbox 633 839 815 925; x_wconf 81' lang='lat' dir='ltr'>Scyllarum</span> <span class='ocrx_word' id='word_1_34' title='bbox 837 840 982 904; x_wconf 88' lang='lat' dir='ltr'>membra</span> <span class='ocrx_word' id='word_1_35' title='bbox 1005 839 1154 904; x_wconf 86' lang='lat' dir='ltr'>videmus</span> 
     </span>
     <span class='ocr_line' id='line_1_7' title="bbox 240 941 1127 1030; baseline -0.002 -22"><span class='ocrx_word' id='word_1_36' title='bbox 240 941 478 1028; x_wconf 79' lang='lat' dir='ltr'>Cerbereasque</span> <span class='ocrx_word' id='word_1_37' title='bbox 500 965 616 1007; x_wconf 90' lang='lat' dir='ltr'>canum</span> <span class='ocrx_word' id='word_1_38' title='bbox 640 943 736 1008; x_wconf 85' lang='lat' dir='ltr'>facies</span> <span class='ocrx_word' id='word_1_39' title='bbox 759 943 993 1030; x_wconf 86' lang='lat' dir='ltr'>simulacraque</span> <span class='ocrx_word' id='word_1_40' title='bbox 1016 965 1127 1008; x_wconf 89' lang='lat' dir='ltr'>eorum</span> 
     </span>
    </p>

    <p class='ocr_par' dir='ltr' id='par_1_3' title="bbox 240 1047 1076 1134">
     <span class='ocr_line' id='line_1_8' title="bbox 240 1047 1076 1134; baseline 0.001 -24"><span class='ocrx_word' id='word_1_41' title='bbox 240 1067 377 1130; x_wconf 90' lang='lat' dir='ltr'>quorum</span> <span class='ocrx_word' id='word_1_42' title='bbox 399 1056 503 1112; x_wconf 84' lang='lat' dir='ltr'>morte</span> <span class='ocrx_word' id='word_1_43' title='bbox 526 1047 617 1112; x_wconf 91' lang='lat' dir='ltr'>obita</span> <span class='ocrx_word' id='word_1_44' title='bbox 638 1048 736 1113; x_wconf 91' lang='lat' dir='ltr'>tellus</span> <span class='ocrx_word' id='word_1_45' title='bbox 758 1047 967 1134; x_wconf 76' lang='lat' dir='ltr'>amplectitur</span> <span class='ocrx_word' id='word_1_46' title='bbox 988 1068 1076 1127; x_wconf 88' lang='lat' dir='ltr'>ossa;</span> 
     </span>
    </p>

    <p class='ocr_par' dir='ltr' id='par_1_4' title="bbox 240 1150 1357 1339">
     <span class='ocr_line' id='line_1_9' title="bbox 240 1150 1357 1236; baseline 0.001 -23"><span class='ocrx_word' id='word_1_47' title='bbox 240 1172 334 1215; x_wconf 87' lang='lat' dir='ltr'>omne</span> <span class='ocrx_word' id='word_1_48' title='bbox 355 1172 459 1236; x_wconf 87' lang='lat' dir='ltr'>genus</span> <span class='ocrx_word' id='word_1_49' title='bbox 482 1152 634 1236; x_wconf 87' lang='lat' dir='ltr'>quoniam</span> <span class='ocrx_word' id='word_1_50' title='bbox 656 1151 776 1236; x_wconf 89' lang='lat' dir='ltr'>passim</span> <span class='ocrx_word' id='word_1_51' title='bbox 799 1150 971 1216; x_wconf 88' lang='lat' dir='ltr'>simulacra</span> <span class='ocrx_word' id='word_1_52' title='bbox 992 1151 1150 1226; x_wconf 85' lang='lat' dir='ltr'>feruntur,</span> <span class='ocrx_word' id='word_1_53' title='bbox 1298 1166 1357 1234; x_wconf 86' lang='lat'>735</span> 
     </span>
     <span class='ocr_line' id='line_1_10' title="bbox 240 1251 1044 1339; baseline 0.002 -24"><span class='ocrx_word' id='word_1_54' title='bbox 240 1251 360 1336; x_wconf 86' lang='lat' dir='ltr'>partim</span> <span class='ocrx_word' id='word_1_55' title='bbox 382 1261 497 1337; x_wconf 91' lang='lat' dir='ltr'>sponte</span> <span class='ocrx_word' id='word_1_56' title='bbox 520 1275 579 1317; x_wconf 88' lang='lat' dir='ltr'>sua</span> <span class='ocrx_word' id='word_1_57' title='bbox 600 1275 684 1339; x_wconf 90' lang='lat' dir='ltr'>quae</span> <span class='ocrx_word' id='word_1_58' title='bbox 706 1254 791 1319; x_wconf 89' lang='lat' dir='ltr'>fiunt</span> <span class='ocrx_word' id='word_1_59' title='bbox 812 1275 886 1318; x_wconf 89' lang='lat' dir='ltr'>aere</span> <span class='ocrx_word' id='word_1_60' title='bbox 909 1253 1044 1338; x_wconf 91' lang='lat' dir='ltr'>inipso,</span> 
     </span>
    </p>

    <p class='ocr_par' dir='ltr' id='par_1_5' title="bbox 240 1354 1106 1440">
     <span class='ocr_line' id='line_1_11' title="bbox 240 1354 1106 1440; baseline 0.002 -23"><span class='ocrx_word' id='word_1_61' title='bbox 240 1354 360 1438; x_wconf 83' lang='lat' dir='ltr'>partim</span> <span class='ocrx_word' id='word_1_62' title='bbox 383 1376 467 1440; x_wconf 87' lang='lat' dir='ltr'>quae</span> <span class='ocrx_word' id='word_1_63' title='bbox 488 1356 586 1419; x_wconf 87' lang='lat' dir='ltr'>variis</span> <span class='ocrx_word' id='word_1_64' title='bbox 607 1355 650 1420; x_wconf 90' lang='lat' dir='ltr'>ab</span> <span class='ocrx_word' id='word_1_65' title='bbox 670 1355 768 1420; x_wconf 90' lang='lat' dir='ltr'>rebus</span> <span class='ocrx_word' id='word_1_66' title='bbox 789 1377 928 1440; x_wconf 91' lang='lat' dir='ltr'>cumque</span> <span class='ocrx_word' id='word_1_67' title='bbox 950 1355 1106 1420; x_wconf 90' lang='lat' dir='ltr'>recedunt</span> 
     </span>
    </p>

    <p class='ocr_par' dir='ltr' id='par_1_6' title="bbox 240 1459 996 1547">
     <span class='ocr_line' id='line_1_12' title="bbox 240 1459 996 1547; baseline 0 -25"><span class='ocrx_word' id='word_1_68' title='bbox 240 1466 274 1522; x_wconf 90' lang='lat' dir='ltr'>et</span> <span class='ocrx_word' id='word_1_69' title='bbox 297 1481 380 1543; x_wconf 87' lang='lat' dir='ltr'>quae</span> <span class='ocrx_word' id='word_1_70' title='bbox 402 1459 546 1523; x_wconf 89' lang='lat' dir='ltr'>confiunt</span> <span class='ocrx_word' id='word_1_71' title='bbox 568 1482 608 1524; x_wconf 90' lang='lat' dir='ltr'>ex</span> <span class='ocrx_word' id='word_1_72' title='bbox 630 1460 746 1524; x_wconf 94' lang='lat' dir='ltr'>horum</span> <span class='ocrx_word' id='word_1_73' title='bbox 770 1461 856 1525; x_wconf 84' lang='lat' dir='ltr'>sacta</span> <span class='ocrx_word' id='word_1_74' title='bbox 877 1459 996 1547; x_wconf 82' lang='lat' dir='ltr'>figuris</span> 
     </span>
    </p>

    <p class='ocr_par' dir='ltr' id='par_1_7' title="bbox 240 1562 1047 1649">
     <span class='ocr_line' id='line_1_13' title="bbox 240 1562 1047 1649; baseline 0.004 -25"><span class='ocrx_word' id='word_1_75' title='bbox 240 1583 316 1625; x_wconf 91' lang='lat' dir='ltr'>nam</span> <span class='ocrx_word' id='word_1_76' title='bbox 339 1573 424 1627; x_wconf 91' lang='lat' dir='ltr'>certe</span> <span class='ocrx_word' id='word_1_77' title='bbox 447 1586 486 1628; x_wconf 85' lang='lat' dir='ltr'>ex</span> <span class='ocrx_word' id='word_1_78' title='bbox 510 1563 583 1628; x_wconf 91' lang='lat' dir='ltr'>vivo</span> <span class='ocrx_word' id='word_1_79' title='bbox 606 1562 762 1630; x_wconf 81' lang='lat' dir='ltr'>Centauri</span> <span class='ocrx_word' id='word_1_80' title='bbox 784 1587 850 1629; x_wconf 92' lang='lat' dir='ltr'>uon</span> <span class='ocrx_word' id='word_1_81' title='bbox 871 1563 910 1628; x_wconf 88' lang='lat' dir='ltr'>fit</span> <span class='ocrx_word' id='word_1_82' title='bbox 931 1563 1047 1649; x_wconf 84' lang='lat' dir='ltr'>image,</span> 
     </span>
    </p>

    <p class='ocr_par' dir='ltr' id='par_1_8' title="bbox 240 1664 1361 1960">
     <span class='ocr_line' id='line_1_14' title="bbox 241 1664 1361 1751; baseline 0.002 -24"><span class='ocrx_word' id='word_1_83' title='bbox 241 1664 331 1728; x_wconf 90' lang='lat' dir='ltr'>nulla</span> <span class='ocrx_word' id='word_1_84' title='bbox 354 1666 417 1731; x_wconf 84' lang='lat' dir='ltr'>suit</span> <span class='ocrx_word' id='word_1_85' title='bbox 439 1667 591 1751; x_wconf 87' lang='lat' dir='ltr'>quoniam</span> <span class='ocrx_word' id='word_1_86' title='bbox 615 1666 690 1731; x_wconf 88' lang='lat' dir='ltr'>talis</span> <span class='ocrx_word' id='word_1_87' title='bbox 712 1675 830 1731; x_wconf 87' lang='lat' dir='ltr'>natura</span> <span class='ocrx_word' id='word_1_88' title='bbox 851 1665 1042 1744; x_wconf 74' lang='lat' dir='ltr'>animantia5</span> <span class='ocrx_word' id='word_1_89' title='bbox 1299 1679 1361 1747; x_wconf 89' lang='lat'>740</span> 
     </span>
     <span class='ocr_line' id='line_1_15' title="bbox 240 1767 1225 1856; baseline 0.002 -26"><span class='ocrx_word' id='word_1_90' title='bbox 240 1788 352 1832; x_wconf 87' lang='lat' dir='ltr'>verum</span> <span class='ocrx_word' id='word_1_91' title='bbox 376 1769 433 1834; x_wconf 93' lang='lat' dir='ltr'>ubi</span> <span class='ocrx_word' id='word_1_92' title='bbox 455 1770 532 1855; x_wconf 89' lang='lat' dir='ltr'>equi</span> <span class='ocrx_word' id='word_1_93' title='bbox 553 1780 652 1856; x_wconf 82' lang='lat' dir='ltr'>atque</span> <span class='ocrx_word' id='word_1_94' title='bbox 674 1770 813 1836; x_wconf 87' lang='lat' dir='ltr'>hominis</span> <span class='ocrx_word' id='word_1_95' title='bbox 836 1792 911 1835; x_wconf 91' lang='lat' dir='ltr'>casu</span> <span class='ocrx_word' id='word_1_96' title='bbox 933 1768 1084 1834; x_wconf 86' lang='lat' dir='ltr'>convenit</span> <span class='ocrx_word' id='word_1_97' title='bbox 1106 1767 1225 1856; x_wconf 87' lang='lat' dir='ltr'>imago,</span> 
     </span>
     <span class='ocr_line' id='line_1_16' title="bbox 242 1871 1090 1960; baseline 0.002 -27"><span class='ocrx_word' id='word_1_98' title='bbox 242 1871 400 1938; x_wconf 83' lang='lat' dir='ltr'>haerescit</span> <span class='ocrx_word' id='word_1_99' title='bbox 423 1873 515 1938; x_wconf 84' lang='lat' dir='ltr'>facile</span> <span class='ocrx_word' id='word_1_100' title='bbox 538 1874 711 1960; x_wconf 83' lang='lat' dir='ltr'>extemplo,</span> <span class='ocrx_word' id='word_1_101' title='bbox 733 1874 819 1958; x_wconf 92' lang='lat' dir='ltr'>quod</span> <span class='ocrx_word' id='word_1_102' title='bbox 841 1873 983 1937; x_wconf 83' lang='lat' dir='ltr'>diximus</span> <span class='ocrx_word' id='word_1_103' title='bbox 1004 1879 1090 1949; x_wconf 86' lang='lat' dir='ltr'>ente,</span> 
     </span>
    </p>

    <p class='ocr_par' dir='ltr' id='par_1_9' title="bbox 241 1977 1032 2060">
     <span class='ocr_line' id='line_1_17' title="bbox 241 1977 1032 2060; baseline 0.004 -23"><span class='ocrx_word' id='word_1_104' title='bbox 241 1985 373 2060; x_wconf 92' lang='lat' dir='ltr'>propter</span> <span class='ocrx_word' id='word_1_105' title='bbox 394 1977 548 2042; x_wconf 91' lang='lat' dir='ltr'>subtilem</span> <span class='ocrx_word' id='word_1_106' title='bbox 570 1986 721 2042; x_wconf 91' lang='lat' dir='ltr'>naturam</span> <span class='ocrx_word' id='word_1_107' title='bbox 744 1986 778 2042; x_wconf 87' lang='lat' dir='ltr'>et</span> <span class='ocrx_word' id='word_1_108' title='bbox 801 1978 912 2042; x_wconf 89' lang='lat' dir='ltr'>tenvia</span> <span class='ocrx_word' id='word_1_109' title='bbox 934 1984 1032 2041; x_wconf 81' lang='lat' dir='ltr'>texta.</span> 
     </span>
    </p>

    <p class='ocr_par' dir='ltr' id='par_1_10' title="bbox 241 2079 1096 2166">
     <span class='ocr_line' id='line_1_18' title="bbox 241 2079 1096 2166; baseline 0.001 -25"><span class='ocrx_word' id='word_1_110' title='bbox 241 2086 349 2143; x_wconf 90' lang='lat' dir='ltr'>cetera</span> <span class='ocrx_word' id='word_1_111' title='bbox 370 2079 411 2144; x_wconf 93' lang='lat' dir='ltr'>de</span> <span class='ocrx_word' id='word_1_112' title='bbox 433 2102 551 2166; x_wconf 86' lang='lat' dir='ltr'>genere</span> <span class='ocrx_word' id='word_1_113' title='bbox 574 2080 634 2145; x_wconf 91' lang='lat' dir='ltr'>hoc</span> <span class='ocrx_word' id='word_1_114' title='bbox 656 2080 770 2145; x_wconf 88' lang='lat' dir='ltr'>eadem</span> <span class='ocrx_word' id='word_1_115' title='bbox 792 2079 916 2144; x_wconf 88' lang='lat' dir='ltr'>ratione</span> <span class='ocrx_word' id='word_1_116' title='bbox 939 2086 1096 2144; x_wconf 89' lang='lat' dir='ltr'>creantur.</span> 
     </span>
    </p>

    <p class='ocr_par' dir='ltr' id='par_1_11' title="bbox 242 2183 1359 2370">
     <span class='ocr_line' id='line_1_19' title="bbox 243 2183 1359 2265; baseline -0.001 -20"><span class='ocrx_word' id='word_1_117' title='bbox 243 2202 325 2265; x_wconf 90' lang='lat' dir='ltr'>quae</span> <span class='ocrx_word' id='word_1_118' title='bbox 348 2205 421 2247; x_wconf 88' lang='lat' dir='ltr'>cum</span> <span class='ocrx_word' id='word_1_119' title='bbox 444 2183 608 2248; x_wconf 90' lang='lat' dir='ltr'>mobiliter</span> <span class='ocrx_word' id='word_1_120' title='bbox 629 2206 756 2248; x_wconf 91' lang='lat' dir='ltr'>summa</span> <span class='ocrx_word' id='word_1_121' title='bbox 779 2183 912 2248; x_wconf 84' lang='lat' dir='ltr'>levitate</span> <span class='ocrx_word' id='word_1_122' title='bbox 935 2183 1092 2257; x_wconf 87' lang='lat' dir='ltr'>feruntur,</span> <span class='ocrx_word' id='word_1_123' title='bbox 1298 2194 1359 2263; x_wconf 86' lang='lat'>745</span> 
     </span>
     <span class='ocr_line' id='line_1_20' title="bbox 242 2285 1048 2370; baseline 0.002 -22"><span class='ocrx_word' id='word_1_124' title='bbox 242 2294 280 2348; x_wconf 92' lang='lat' dir='ltr'>ut</span> <span class='ocrx_word' id='word_1_125' title='bbox 302 2285 391 2370; x_wconf 91' lang='lat' dir='ltr'>prius</span> <span class='ocrx_word' id='word_1_126' title='bbox 414 2287 550 2367; x_wconf 90' lang='lat' dir='ltr'>ostendi,</span> <span class='ocrx_word' id='word_1_127' title='bbox 575 2287 667 2352; x_wconf 89' lang='lat' dir='ltr'>facile</span> <span class='ocrx_word' id='word_1_128' title='bbox 692 2309 756 2352; x_wconf 93' lang='lat' dir='ltr'>uno</span> <span class='ocrx_word' id='word_1_129' title='bbox 778 2294 958 2352; x_wconf 89' lang='lat' dir='ltr'>commovet</span> <span class='ocrx_word' id='word_1_130' title='bbox 979 2285 1048 2350; x_wconf 88' lang='lat' dir='ltr'>ictu</span> 
     </span>
    </p>

    <p class='ocr_par' dir='ltr' id='par_1_12' title="bbox 243 2388 1078 2475">
     <span class='ocr_line' id='line_1_21' title="bbox 243 2388 1078 2475; baseline 0.002 -25"><span class='ocrx_word' id='word_1_131' title='bbox 243 2388 407 2472; x_wconf 87' lang='lat' dir='ltr'>quaelibet</span> <span class='ocrx_word' id='word_1_132' title='bbox 430 2412 495 2454; x_wconf 89' lang='lat' dir='ltr'>una</span> <span class='ocrx_word' id='word_1_133' title='bbox 516 2390 662 2455; x_wconf 87' lang='lat' dir='ltr'>animum</span> <span class='ocrx_word' id='word_1_134' title='bbox 685 2389 778 2454; x_wconf 88' lang='lat' dir='ltr'>nobis</span> <span class='ocrx_word' id='word_1_135' title='bbox 800 2389 931 2454; x_wconf 88' lang='lat' dir='ltr'>subtilis</span> <span class='ocrx_word' id='word_1_136' title='bbox 952 2389 1078 2475; x_wconf 82' lang='lat' dir='ltr'>imag03</span> 
     </span>
    </p>

    <p class='ocr_par' dir='ltr' id='par_1_13' title="bbox 243 2491 1052 2578">
     <span class='ocr_line' id='line_1_22' title="bbox 243 2491 1052 2578; baseline 0.002 -24"><span class='ocrx_word' id='word_1_137' title='bbox 243 2492 348 2556; x_wconf 89' lang='lat' dir='ltr'>tenvis</span> <span class='ocrx_word' id='word_1_138' title='bbox 371 2492 457 2557; x_wconf 87' lang='lat' dir='ltr'>enim</span> <span class='ocrx_word' id='word_1_139' title='bbox 480 2516 571 2559; x_wconf 89' lang='lat' dir='ltr'>mens</span> <span class='ocrx_word' id='word_1_140' title='bbox 594 2502 643 2558; x_wconf 89' lang='lat' dir='ltr'>est</span> <span class='ocrx_word' id='word_1_141' title='bbox 666 2502 700 2558; x_wconf 90' lang='lat' dir='ltr'>et</span> <span class='ocrx_word' id='word_1_142' title='bbox 722 2493 803 2558; x_wconf 91' lang='lat' dir='ltr'>mire</span> <span class='ocrx_word' id='word_1_143' title='bbox 825 2493 953 2557; x_wconf 91' lang='lat' dir='ltr'>mobilis</span> <span class='ocrx_word' id='word_1_144' title='bbox 975 2491 1052 2578; x_wconf 89' lang='lat' dir='ltr'>ipsa.</span> 
     </span>
    </p>

    <p class='ocr_par' dir='ltr' id='par_1_14' title="bbox 244 2593 1364 3508">
     <span class='ocr_line' id='line_1_23' title="bbox 287 2593 1256 2681; baseline 0 -22"><span class='ocrx_word' id='word_1_145' title='bbox 287 2595 378 2661; x_wconf 90' lang='lat' dir='ltr'>Haec</span> <span class='ocrx_word' id='word_1_146' title='bbox 401 2597 471 2661; x_wconf 88' lang='lat' dir='ltr'>fieri</span> <span class='ocrx_word' id='word_1_147' title='bbox 493 2605 531 2661; x_wconf 88' lang='lat' dir='ltr'>ut</span> <span class='ocrx_word' id='word_1_148' title='bbox 553 2620 702 2673; x_wconf 91' lang='lat' dir='ltr'>memoro,</span> <span class='ocrx_word' id='word_1_149' title='bbox 725 2596 817 2661; x_wconf 81' lang='lat' dir='ltr'>facile</span> <span class='ocrx_word' id='word_1_150' title='bbox 840 2595 914 2660; x_wconf 92' lang='lat' dir='ltr'>hinc</span> <span class='ocrx_word' id='word_1_151' title='bbox 937 2615 1124 2681; x_wconf 89' lang='lat' dir='ltr'>cognoscere</span> <span class='ocrx_word' id='word_1_152' title='bbox 1147 2593 1256 2679; x_wconf 89' lang='lat' dir='ltr'>possis.</span> 
     </span>
     <span class='ocr_line' id='line_1_24' title="bbox 244 2698 1364 2785; baseline 0.002 -23"><span class='ocrx_word' id='word_1_153' title='bbox 244 2708 405 2782; x_wconf 84' lang='lat' dir='ltr'>quatenus</span> <span class='ocrx_word' id='word_1_154' title='bbox 429 2701 488 2766; x_wconf 89' lang='lat' dir='ltr'>hoc</span> <span class='ocrx_word' id='word_1_155' title='bbox 510 2700 615 2766; x_wconf 89' lang='lat' dir='ltr'>simile</span> <span class='ocrx_word' id='word_1_156' title='bbox 638 2710 688 2766; x_wconf 89' lang='lat' dir='ltr'>est</span> <span class='ocrx_word' id='word_1_157' title='bbox 710 2701 767 2776; x_wconf 91' lang='lat' dir='ltr'>illi,</span> <span class='ocrx_word' id='word_1_158' title='bbox 788 2701 875 2785; x_wconf 91' lang='lat' dir='ltr'>quod</span> <span class='ocrx_word' id='word_1_159' title='bbox 896 2708 1007 2765; x_wconf 90' lang='lat' dir='ltr'>mente</span> <span class='ocrx_word' id='word_1_160' title='bbox 1029 2698 1176 2762; x_wconf 86' lang='lat' dir='ltr'>videmus</span> <span class='ocrx_word' id='word_1_161' title='bbox 1298 2713 1364 2782; x_wconf 88' lang='lat'>750</span> 
     </span>
     <span class='ocr_line' id='line_1_25' title="bbox 244 2804 1066 2887; baseline 0.001 -22"><span class='ocrx_word' id='word_1_162' title='bbox 244 2810 343 2887; x_wconf 85' lang='lat' dir='ltr'>atque</span> <span class='ocrx_word' id='word_1_163' title='bbox 366 2804 475 2880; x_wconf 88' lang='lat' dir='ltr'>oculis,</span> <span class='ocrx_word' id='word_1_164' title='bbox 497 2805 596 2868; x_wconf 91' lang='lat' dir='ltr'>simili</span> <span class='ocrx_word' id='word_1_165' title='bbox 618 2804 686 2869; x_wconf 89' lang='lat' dir='ltr'>fieri</span> <span class='ocrx_word' id='word_1_166' title='bbox 710 2805 834 2869; x_wconf 90' lang='lat' dir='ltr'>ratione</span> <span class='ocrx_word' id='word_1_167' title='bbox 856 2825 985 2868; x_wconf 88' lang='lat' dir='ltr'>necesse</span> <span class='ocrx_word' id='word_1_168' title='bbox 1008 2811 1066 2868; x_wconf 90' lang='lat' dir='ltr'>est.</span> 
     </span>
     <span class='ocr_line' id='line_1_26' title="bbox 244 2906 1070 2992; baseline 0.001 -24"><span class='ocrx_word' id='word_1_169' title='bbox 244 2927 330 2969; x_wconf 91' lang='lat' dir='ltr'>nunc</span> <span class='ocrx_word' id='word_1_170' title='bbox 353 2906 454 2992; x_wconf 86' lang='lat' dir='ltr'>igitur</span> <span class='ocrx_word' id='word_1_171' title='bbox 476 2907 569 2972; x_wconf 91' lang='lat' dir='ltr'>docui</span> <span class='ocrx_word' id='word_1_172' title='bbox 592 2908 743 2992; x_wconf 90' lang='lat' dir='ltr'>quoniam</span> <span class='ocrx_word' id='word_1_173' title='bbox 766 2930 818 2971; x_wconf 93' lang='lat' dir='ltr'>me</span> <span class='ocrx_word' id='word_1_174' title='bbox 842 2907 922 2971; x_wconf 88' lang='lat' dir='ltr'>forte</span> <span class='ocrx_word' id='word_1_175' title='bbox 946 2907 1070 2970; x_wconf 92' lang='lat' dir='ltr'>leonem</span> 
     </span>
     <span class='ocr_line' id='line_1_27' title="bbox 245 3008 1216 3095; baseline 0 -24"><span class='ocrx_word' id='word_1_176' title='bbox 245 3030 372 3073; x_wconf 87' lang='lat' dir='ltr'>cernere</span> <span class='ocrx_word' id='word_1_177' title='bbox 395 3032 452 3095; x_wconf 91' lang='lat' dir='ltr'>per</span> <span class='ocrx_word' id='word_1_178' title='bbox 474 3011 652 3086; x_wconf 76' lang='lat' dir='ltr'>simulacra,</span> <span class='ocrx_word' id='word_1_179' title='bbox 674 3011 780 3074; x_wconf 87' lang='lat' dir='ltr'>oculos</span> <span class='ocrx_word' id='word_1_180' title='bbox 803 3031 1024 3095; x_wconf 89' lang='lat' dir='ltr'>quaecumque</span> <span class='ocrx_word' id='word_1_181' title='bbox 1046 3008 1216 3085; x_wconf 86' lang='lat' dir='ltr'>lacessunt,</span> 
     </span>
     <span class='ocr_line' id='line_1_28' title="bbox 245 3112 1007 3188; baseline 0 -13"><span class='ocrx_word' id='word_1_182' title='bbox 245 3113 324 3176; x_wconf 89' lang='lat' dir='ltr'>scire</span> <span class='ocrx_word' id='word_1_183' title='bbox 348 3112 423 3177; x_wconf 87' lang='lat' dir='ltr'>licet</span> <span class='ocrx_word' id='word_1_184' title='bbox 445 3123 588 3178; x_wconf 87' lang='lat' dir='ltr'>mentem</span> <span class='ocrx_word' id='word_1_185' title='bbox 611 3113 710 3177; x_wconf 89' lang='lat' dir='ltr'>simili</span> <span class='ocrx_word' id='word_1_186' title='bbox 732 3113 855 3177; x_wconf 88' lang='lat' dir='ltr'>ratione</span> <span class='ocrx_word' id='word_1_187' title='bbox 877 3112 1007 3188; x_wconf 89' lang='lat' dir='ltr'>moveri,</span> 
     </span>
     <span class='ocr_line' id='line_1_29' title="bbox 244 3214 1359 3300; baseline 0.001 -23"><span class='ocrx_word' id='word_1_188' title='bbox 244 3236 302 3299; x_wconf 88' lang='lat' dir='ltr'>per</span> <span class='ocrx_word' id='word_1_189' title='bbox 324 3214 494 3279; x_wconf 86' lang='lat' dir='ltr'>simulacra</span> <span class='ocrx_word' id='word_1_190' title='bbox 516 3217 640 3280; x_wconf 87' lang='lat' dir='ltr'>leonem</span> <span class='ocrx_word' id='word_1_191' title='bbox 663 3225 698 3280; x_wconf 92' lang='lat' dir='ltr'>et</span> <span class='ocrx_word' id='word_1_192' title='bbox 720 3224 827 3280; x_wconf 90' lang='lat' dir='ltr'>cetera</span> <span class='ocrx_word' id='word_1_193' title='bbox 850 3236 932 3300; x_wconf 89' lang='lat' dir='ltr'>quae</span> <span class='ocrx_word' id='word_1_194' title='bbox 954 3214 1044 3279; x_wconf 85' lang='lat' dir='ltr'>videt</span> <span class='ocrx_word' id='word_1_195' title='bbox 1066 3236 1169 3298; x_wconf 89' lang='lat' dir='ltr'>aeque</span> <span class='ocrx_word' id='word_1_196' title='bbox 1297 3229 1359 3298; x_wconf 92' lang='lat'>755</span> 
     </span>
     <span class='ocr_line' id='line_1_30' title="bbox 244 3316 1249 3406; baseline 0.001 -25"><span class='ocrx_word' id='word_1_197' title='bbox 244 3340 303 3382; x_wconf 88' lang='lat' dir='ltr'>neo</span> <span class='ocrx_word' id='word_1_198' title='bbox 325 3319 432 3383; x_wconf 89' lang='lat' dir='ltr'>minus</span> <span class='ocrx_word' id='word_1_199' title='bbox 454 3329 552 3405; x_wconf 89' lang='lat' dir='ltr'>atque</span> <span class='ocrx_word' id='word_1_200' title='bbox 576 3320 666 3396; x_wconf 92' lang='lat' dir='ltr'>oculi,</span> <span class='ocrx_word' id='word_1_201' title='bbox 690 3321 753 3384; x_wconf 88' lang='lat' dir='ltr'>nisi</span> <span class='ocrx_word' id='word_1_202' title='bbox 776 3319 862 3406; x_wconf 93' lang='lat' dir='ltr'>quod</span> <span class='ocrx_word' id='word_1_203' title='bbox 884 3341 979 3404; x_wconf 88' lang='lat' dir='ltr'>mage</span> <span class='ocrx_word' id='word_1_204' title='bbox 1002 3318 1115 3382; x_wconf 88' lang='lat' dir='ltr'>tenvia</span> <span class='ocrx_word' id='word_1_205' title='bbox 1137 3316 1249 3382; x_wconf 88' lang='lat' dir='ltr'>cernit.</span> 
     </span>
     <span class='ocr_line' id='line_1_31' title="bbox 244 3421 1135 3508; baseline 0 -23"><span class='ocrx_word' id='word_1_206' title='bbox 244 3443 303 3486; x_wconf 89' lang='lat' dir='ltr'>nec</span> <span class='ocrx_word' id='word_1_207' title='bbox 325 3423 449 3487; x_wconf 88' lang='lat' dir='ltr'>ratione</span> <span class='ocrx_word' id='word_1_208' title='bbox 471 3424 543 3499; x_wconf 89' lang='lat' dir='ltr'>alia,</span> <span class='ocrx_word' id='word_1_209' title='bbox 566 3446 638 3487; x_wconf 91' lang='lat' dir='ltr'>cum</span> <span class='ocrx_word' id='word_1_210' title='bbox 662 3445 793 3487; x_wconf 86' lang='lat' dir='ltr'>somnus</span> <span class='ocrx_word' id='word_1_211' title='bbox 816 3421 960 3487; x_wconf 91' lang='lat' dir='ltr'>membra</span> <span class='ocrx_word' id='word_1_212' title='bbox 983 3421 1135 3508; x_wconf 90' lang='lat' dir='ltr'>profudit,</span> 
     </span>
    </p>
   </div>
   <div class='ocr_carea' id='block_1_3' title="bbox 153 3604 1387 4485">
    <p class='ocr_par' dir='ltr' id='par_1_15' title="bbox 153 3604 1387 4485">
     <span class='ocr_line' id='line_1_32' title="bbox 158 3604 1358 3668; baseline 0.005 -16"><span class='ocrx_word' id='word_1_213' title='bbox 158 3605 212 3653; x_wconf 79' lang='lat' dir='ltr'>illia</span> <span class='ocrx_word' id='word_1_214' title='bbox 223 3605 245 3652; x_wconf 91' lang='lat' dir='ltr'><strong>B</strong></span> <span class='ocrx_word' id='word_1_215' title='bbox 257 3619 322 3654; x_wconf 88' lang='lat' dir='ltr'>corr.</span> <span class='ocrx_word' id='word_1_216' title='bbox 334 3606 375 3654; x_wconf 87' lang='lat' dir='ltr'>for</span> <span class='ocrx_word' id='word_1_217' title='bbox 385 3608 448 3655; x_wconf 75' lang='lat' dir='ltr'>ilua:</span> <span class='ocrx_word' id='word_1_218' title='bbox 460 3611 471 3655; x_wconf 75' lang='lat' dir='ltr'>l</span> <span class='ocrx_word' id='word_1_219' title='bbox 483 3609 546 3656; x_wconf 76' lang='lat' dir='ltr'>thur.</span> <span class='ocrx_word' id='word_1_220' title='bbox 705 3608 751 3657; x_wconf 84' lang='grc'>727</span> <span class='ocrx_word' id='word_1_221' title='bbox 765 3608 864 3655; x_wconf 81' lang='lat' dir='ltr'>brattea</span> <span class='ocrx_word' id='word_1_222' title='bbox 874 3605 927 3667; x_wconf 83' lang='lat' dir='ltr'>AB,</span> <span class='ocrx_word' id='word_1_223' title='bbox 941 3609 988 3654; x_wconf 89' lang='lat' dir='ltr'>not</span> <span class='ocrx_word' id='word_1_224' title='bbox 1000 3605 1113 3654; x_wconf 67' lang='lat' dir='ltr'>hortea:</span> <span class='ocrx_word' id='word_1_225' title='bbox 1133 3618 1161 3654; x_wconf 89' lang='lat' dir='ltr'>sc</span> <span class='ocrx_word' id='word_1_226' title='bbox 1172 3619 1236 3654; x_wconf 86' lang='lat' dir='ltr'>mss.</span> <span class='ocrx_word' id='word_1_227' title='bbox 1248 3605 1277 3654; x_wconf 79' lang='lat' dir='ltr'>ol</span> <span class='ocrx_word' id='word_1_228' title='bbox 1288 3604 1358 3668; x_wconf 77' lang='lat' dir='ltr'>Virg.</span> 
     </span>
     <span class='ocr_line' id='line_1_33' title="bbox 158 3687 1361 3751; baseline 0.004 -18"><span class='ocrx_word' id='word_1_229' title='bbox 158 3687 327 3739; x_wconf 80' lang='lat' dir='ltr'>Aen.v1209.</span> <span class='ocrx_word' id='word_1_230' title='bbox 428 3688 477 3740; x_wconf 86' lang='grc'>730</span> <span class='ocrx_word' id='word_1_231' title='bbox 484 3703 531 3750; x_wconf 76' lang='lat' dir='ltr'>per</span> <span class='ocrx_word' id='word_1_232' title='bbox 542 3704 602 3737; x_wconf 85' lang='lat' dir='ltr'>raro</span> <span class='ocrx_word' id='word_1_233' title='bbox 614 3688 679 3738; x_wconf 90' lang='lat' dir='ltr'>Mar.</span> <span class='ocrx_word' id='word_1_234' title='bbox 692 3688 749 3737; x_wconf 81' lang='lat' dir='ltr'>Ald.</span> <span class='ocrx_word' id='word_1_235' title='bbox 763 3689 776 3736; x_wconf 92' lang='lat'>1</span> <span class='ocrx_word' id='word_1_236' title='bbox 788 3689 804 3737; x_wconf 87' lang='lat' dir='ltr'><strong>J</strong></span> <span class='ocrx_word' id='word_1_237' title='bbox 806 3692 861 3740; x_wconf 92' lang='lat' dir='ltr'>unt.</span> <span class='ocrx_word' id='word_1_238' title='bbox 875 3688 915 3737; x_wconf 87' lang='lat' dir='ltr'>lor</span> <span class='ocrx_word' id='word_1_239' title='bbox 923 3703 1026 3751; x_wconf 80' lang='lat' dir='ltr'>perora.</span> <span class='ocrx_word' id='word_1_240' title='bbox 1132 3689 1180 3738; x_wconf 81' lang='grc'>735</span> <span class='ocrx_word' id='word_1_241' title='bbox 1193 3688 1270 3738; x_wconf 78' lang='lat' dir='ltr'>Omne</span> <span class='ocrx_word' id='word_1_242' title='bbox 1281 3704 1361 3750; x_wconf 69' lang='lat' dir='ltr'>cenea</span> 
     </span>
     <span class='ocr_line' id='line_1_34' title="bbox 160 3767 1363 3832; baseline 0.002 -16"><span class='ocrx_word' id='word_1_243' title='bbox 160 3768 225 3817; x_wconf 89' lang='lat' dir='ltr'>Mar.</span> <span class='ocrx_word' id='word_1_244' title='bbox 238 3769 309 3820; x_wconf 85' lang='lat' dir='ltr'>Junt.</span> <span class='ocrx_word' id='word_1_245' title='bbox 323 3770 363 3819; x_wconf 81' lang='lat' dir='ltr'>for</span> <span class='ocrx_word' id='word_1_246' title='bbox 376 3771 534 3832; x_wconf 67' lang='lat' dir='ltr'>omnigenus.</span> <span class='ocrx_word' id='word_1_247' title='bbox 570 3771 730 3831; x_wconf 64' lang='lat' dir='ltr'>caeternum</span> <span class='ocrx_word' id='word_1_248' title='bbox 741 3769 811 3820; x_wconf 86' lang='lat' dir='ltr'>Nice.</span> <span class='ocrx_word' id='word_1_249' title='bbox 921 3769 969 3821; x_wconf 84' lang='grc'>736</span> <span class='ocrx_word' id='word_1_250' title='bbox 974 3770 1044 3831; x_wconf 80' lang='lat' dir='ltr'>fluet</span> <span class='ocrx_word' id='word_1_251' title='bbox 1056 3769 1120 3820; x_wconf 90' lang='lat' dir='ltr'>Mar.</span> <span class='ocrx_word' id='word_1_252' title='bbox 1134 3767 1192 3818; x_wconf 83' lang='lat' dir='ltr'>Ald.</span> <span class='ocrx_word' id='word_1_253' title='bbox 1206 3770 1220 3818; x_wconf 96' lang='lat'>1</span> <span class='ocrx_word' id='word_1_254' title='bbox 1232 3769 1310 3820; x_wconf 73' lang='lat' dir='ltr'>dunt.</span> <span class='ocrx_word' id='word_1_255' title='bbox 1323 3771 1363 3819; x_wconf 80' lang='lat' dir='ltr'>for</span> 
     </span>
     <span class='ocr_line' id='line_1_35' title="bbox 153 3848 1362 3913; baseline 0.001 -15"><span class='ocrx_word' id='word_1_256' title='bbox 153 3852 224 3913; x_wconf 82' lang='lat' dir='ltr'>fluet</span> <span class='ocrx_word' id='word_1_257' title='bbox 232 3849 262 3910; x_wconf 79' lang='lat' dir='ltr'>A,</span> <span class='ocrx_word' id='word_1_258' title='bbox 270 3852 358 3912; x_wconf 77' lang='lat' dir='ltr'>fluunt</span> <span class='ocrx_word' id='word_1_259' title='bbox 369 3850 392 3898; x_wconf 82' lang='lat' dir='ltr'>A</span> <span class='ocrx_word' id='word_1_260' title='bbox 402 3865 466 3900; x_wconf 90' lang='lat' dir='ltr'>corr.</span> <span class='ocrx_word' id='word_1_261' title='bbox 481 3851 511 3898; x_wconf 89' lang='lat' dir='ltr'>B.</span> <span class='ocrx_word' id='word_1_262' title='bbox 597 3852 645 3902; x_wconf 88' lang='grc'>740</span> <span class='ocrx_word' id='word_1_263' title='bbox 657 3852 742 3898; x_wconf 81' lang='lat' dir='ltr'>animo</span> <span class='ocrx_word' id='word_1_264' title='bbox 753 3850 806 3908; x_wconf 84' lang='lat' dir='ltr'>AB,</span> <span class='ocrx_word' id='word_1_265' title='bbox 818 3852 915 3899; x_wconf 77' lang='lat' dir='ltr'>animai</span> <span class='ocrx_word' id='word_1_266' title='bbox 926 3849 998 3898; x_wconf 84' lang='lat' dir='ltr'>Nice.</span> <span class='ocrx_word' id='word_1_267' title='bbox 1011 3850 1064 3900; x_wconf 85' lang='lat' dir='ltr'>and</span> <span class='ocrx_word' id='word_1_268' title='bbox 1072 3848 1107 3898; x_wconf 86' lang='lat' dir='ltr'>all</span> <span class='ocrx_word' id='word_1_269' title='bbox 1117 3849 1203 3898; x_wconf 80' lang='lat' dir='ltr'>before</span> <span class='ocrx_word' id='word_1_270' title='bbox 1215 3849 1268 3901; x_wconf 75' lang='lat' dir='ltr'>ait</span> <span class='ocrx_word' id='word_1_271' title='bbox 1306 3853 1362 3899; x_wconf 80' lang='lat' dir='ltr'>aei·</span> 
     </span>
     <span class='ocr_line' id='line_1_36' title="bbox 158 3928 1363 3992; baseline 0.002 -13"><span class='ocrx_word' id='word_1_272' title='bbox 158 3933 232 3979; x_wconf 76' lang='lat' dir='ltr'>oralia</span> <span class='ocrx_word' id='word_1_273' title='bbox 243 3930 333 3982; x_wconf 86' lang='lat' dir='ltr'>Lamb.</span> <span class='ocrx_word' id='word_1_274' title='bbox 348 3930 388 3980; x_wconf 87' lang='lat' dir='ltr'>ed.</span> <span class='ocrx_word' id='word_1_275' title='bbox 400 3934 415 3981; x_wconf 77' lang='lat'><strong>3</strong></span> <span class='ocrx_word' id='word_1_276' title='bbox 426 3931 495 3992; x_wconf 84' lang='lat' dir='ltr'>vulg.</span> <span class='ocrx_word' id='word_1_277' title='bbox 507 3930 587 3980; x_wconf 82' lang='lat' dir='ltr'>Lech.</span> <span class='ocrx_word' id='word_1_278' title='bbox 615 3932 752 3979; x_wconf 77' lang='lat' dir='ltr'>animantia</span> <span class='ocrx_word' id='word_1_279' title='bbox 765 3930 818 3979; x_wconf 86' lang='lat' dir='ltr'>Gif.</span> <span class='ocrx_word' id='word_1_280' title='bbox 830 3933 899 3979; x_wconf 88' lang='lat' dir='ltr'>most</span> <span class='ocrx_word' id='word_1_281' title='bbox 910 3929 1038 3992; x_wconf 86' lang='lat' dir='ltr'>properly,</span> <span class='ocrx_word' id='word_1_282' title='bbox 1051 3944 1080 3979; x_wconf 85' lang='lat' dir='ltr'>as</span> <span class='ocrx_word' id='word_1_283' title='bbox 1091 3929 1167 3980; x_wconf 86' lang='lat' dir='ltr'>Lacr.</span> <span class='ocrx_word' id='word_1_284' title='bbox 1181 3928 1243 3981; x_wconf 85' lang='lat' dir='ltr'>dces</span> <span class='ocrx_word' id='word_1_285' title='bbox 1254 3934 1303 3981; x_wconf 85' lang='lat' dir='ltr'>not</span> <span class='ocrx_word' id='word_1_286' title='bbox 1317 3945 1363 3981; x_wconf 87' lang='lat' dir='ltr'>use</span> 
     </span>
     <span class='ocr_line' id='line_1_37' title="bbox 159 4010 1361 4076; baseline 0.002 -15"><span class='ocrx_word' id='word_1_287' title='bbox 159 4011 203 4061; x_wconf 91' lang='lat' dir='ltr'>the</span> <span class='ocrx_word' id='word_1_288' title='bbox 219 4012 381 4062; x_wconf 84' lang='lat' dir='ltr'>substantive</span> <span class='ocrx_word' id='word_1_289' title='bbox 396 4015 492 4062; x_wconf 78' lang='lat' dir='ltr'>animal</span> <span class='ocrx_word' id='word_1_290' title='bbox 506 4012 534 4061; x_wconf 91' lang='lat' dir='ltr'>in</span> <span class='ocrx_word' id='word_1_291' title='bbox 550 4012 594 4061; x_wconf 87' lang='lat' dir='ltr'>the</span> <span class='ocrx_word' id='word_1_292' title='bbox 606 4013 730 4074; x_wconf 79' lang='lat' dir='ltr'>singular,</span> <span class='ocrx_word' id='word_1_293' title='bbox 743 4014 831 4075; x_wconf 83' lang='lat' dir='ltr'>except</span> <span class='ocrx_word' id='word_1_294' title='bbox 842 4026 858 4060; x_wconf 85' lang='lat' dir='ltr'>v</span> <span class='ocrx_word' id='word_1_295' title='bbox 869 4014 926 4070; x_wconf 78' lang='lat'>823,</span> <span class='ocrx_word' id='word_1_296' title='bbox 936 4011 1020 4061; x_wconf 83' lang='lat' dir='ltr'>where</span> <span class='ocrx_word' id='word_1_297' title='bbox 1031 4027 1100 4061; x_wconf 79' lang='lat' dir='ltr'>omae</span> <span class='ocrx_word' id='word_1_298' title='bbox 1112 4012 1210 4062; x_wconf 78' lang='lat' dir='ltr'>animal</span> <span class='ocrx_word' id='word_1_299' title='bbox 1221 4010 1245 4062; x_wconf 86' lang='lat' dir='ltr'>is</span> <span class='ocrx_word' id='word_1_300' title='bbox 1255 4012 1361 4076; x_wconf 82' lang='lat' dir='ltr'>equiva-</span> 
     </span>
     <span class='ocr_line' id='line_1_38' title="bbox 159 4093 1362 4158; baseline 0.004 -17"><span class='ocrx_word' id='word_1_301' title='bbox 159 4094 213 4143; x_wconf 91' lang='lat' dir='ltr'>lent</span> <span class='ocrx_word' id='word_1_302' title='bbox 225 4097 252 4144; x_wconf 92' lang='lat' dir='ltr'>to</span> <span class='ocrx_word' id='word_1_303' title='bbox 263 4099 347 4145; x_wconf 83' lang='lat' dir='ltr'>omnio</span> <span class='ocrx_word' id='word_1_304' title='bbox 358 4096 497 4145; x_wconf 80' lang='lat' dir='ltr'>animalia:</span> <span class='ocrx_word' id='word_1_305' title='bbox 513 4109 554 4144; x_wconf 87' lang='lat' dir='ltr'>sea</span> <span class='ocrx_word' id='word_1_306' title='bbox 565 4098 639 4144; x_wconf 86' lang='lat' dir='ltr'>notes</span> <span class='ocrx_word' id='word_1_307' title='bbox 651 4093 754 4145; x_wconf 65' lang='lat' dir='ltr'>ithere.</span> <span class='ocrx_word' id='word_1_308' title='bbox 899 4095 946 4145; x_wconf 83' lang='grc'>741</span> <span class='ocrx_word' id='word_1_309' title='bbox 957 4096 1001 4143; x_wconf 81' lang='lat' dir='ltr'>ubi</span> <span class='ocrx_word' id='word_1_310' title='bbox 1013 4097 1072 4157; x_wconf 77' lang='lat' dir='ltr'>equi</span> <span class='ocrx_word' id='word_1_311' title='bbox 1083 4102 1160 4158; x_wconf 80' lang='lat' dir='ltr'>atque</span> <span class='ocrx_word' id='word_1_312' title='bbox 1169 4095 1279 4144; x_wconf 75' lang='lat' dir='ltr'>hominia</span> <span class='ocrx_word' id='word_1_313' title='bbox 1289 4110 1362 4146; x_wconf 80' lang='lat' dir='ltr'>caea.</span> 
     </span>
     <span class='ocr_line' id='line_1_39' title="bbox 159 4175 1363 4241; baseline 0.003 -17"><span class='ocrx_word' id='word_1_314' title='bbox 159 4179 203 4224; x_wconf 78' lang='lat' dir='ltr'>ubi</span> <span class='ocrx_word' id='word_1_315' title='bbox 218 4179 278 4240; x_wconf 80' lang='lat' dir='ltr'>equi</span> <span class='ocrx_word' id='word_1_316' title='bbox 293 4192 353 4226; x_wconf 80' lang='lat' dir='ltr'>caru</span> <span class='ocrx_word' id='word_1_317' title='bbox 368 4185 442 4241; x_wconf 82' lang='lat' dir='ltr'>arque</span> <span class='ocrx_word' id='word_1_318' title='bbox 458 4178 563 4226; x_wconf 78' lang='lat' dir='ltr'>hominia</span> <span class='ocrx_word' id='word_1_319' title='bbox 579 4176 658 4228; x_wconf 87' lang='lat' dir='ltr'>Lach.</span> <span class='ocrx_word' id='word_1_320' title='bbox 674 4177 731 4226; x_wconf 84' lang='lat' dir='ltr'>who</span> <span class='ocrx_word' id='word_1_321' title='bbox 747 4176 835 4226; x_wconf 85' lang='lat' dir='ltr'>denies</span> <span class='ocrx_word' id='word_1_322' title='bbox 850 4176 908 4227; x_wconf 86' lang='lat' dir='ltr'>that</span> <span class='ocrx_word' id='word_1_323' title='bbox 923 4175 969 4226; x_wconf 87' lang='lat' dir='ltr'>the</span> <span class='ocrx_word' id='word_1_324' title='bbox 984 4177 1036 4226; x_wconf 86' lang='lat' dir='ltr'>last</span> <span class='ocrx_word' id='word_1_325' title='bbox 1051 4176 1109 4240; x_wconf 82' lang='lat' dir='ltr'>syll.</span> <span class='ocrx_word' id='word_1_326' title='bbox 1126 4177 1154 4226; x_wconf 81' lang='lat' dir='ltr'>ol</span> <span class='ocrx_word' id='word_1_327' title='bbox 1167 4190 1202 4226; x_wconf 88' lang='lat' dir='ltr'>an</span> <span class='ocrx_word' id='word_1_328' title='bbox 1217 4175 1324 4228; x_wconf 82' lang='lat' dir='ltr'>iambus</span> <span class='ocrx_word' id='word_1_329' title='bbox 1339 4178 1363 4228; x_wconf 84' lang='lat' dir='ltr'>is</span> 
     </span>
     <span class='ocr_line' id='line_1_40' title="bbox 158 4255 1387 4320; baseline 0 -14"><span class='ocrx_word' id='word_1_330' title='bbox 158 4272 216 4306; x_wconf 82' lang='lat' dir='ltr'>ever</span> <span class='ocrx_word' id='word_1_331' title='bbox 227 4257 310 4307; x_wconf 83' lang='lat' dir='ltr'>elidad</span> <span class='ocrx_word' id='word_1_332' title='bbox 320 4257 348 4307; x_wconf 91' lang='lat' dir='ltr'>in</span> <span class='ocrx_word' id='word_1_333' title='bbox 358 4259 435 4308; x_wconf 83' lang='lat' dir='ltr'>Lacr.</span> <span class='ocrx_word' id='word_1_334' title='bbox 568 4259 615 4310; x_wconf 79' lang='lat'>752</span> <span class='ocrx_word' id='word_1_335' title='bbox 627 4259 700 4307; x_wconf 81' lang='lat' dir='ltr'>docui</span> <span class='ocrx_word' id='word_1_336' title='bbox 716 4260 842 4320; x_wconf 76' lang='lat' dir='ltr'>quoniam.</span> <span class='ocrx_word' id='word_1_337' title='bbox 876 4260 993 4320; x_wconf 81' lang='lat' dir='ltr'>quoniam</span> <span class='ocrx_word' id='word_1_338' title='bbox 1004 4259 1077 4307; x_wconf 80' lang='lat' dir='ltr'>docet</span> <span class='ocrx_word' id='word_1_339' title='bbox 1088 4257 1179 4307; x_wconf 89' lang='lat' dir='ltr'>Lamb.</span> <span class='ocrx_word' id='word_1_340' title='bbox 1191 4255 1232 4307; x_wconf 89' lang='lat' dir='ltr'>ed.</span> <span class='ocrx_word' id='word_1_341' title='bbox 1245 4258 1327 4308; x_wconf 63' lang='lat' dir='ltr'>hand</span> <span class='ocrx_word' id='word_1_342' title='bbox 1339 4261 1363 4318; x_wconf 80' lang='lat'>3,</span> <span class='ocrx_word' id='word_1_343' title='bbox 1383 4299 1387 4306; x_wconf 89' lang='lat'>.</span> 
     </span>
     <span class='ocr_line' id='line_1_41' title="bbox 159 4338 1362 4402; baseline 0 -14"><span class='ocrx_word' id='word_1_344' title='bbox 159 4343 208 4390; x_wconf 84' lang='lat' dir='ltr'>etc.</span> <span class='ocrx_word' id='word_1_345' title='bbox 220 4339 274 4389; x_wconf 88' lang='lat' dir='ltr'>and</span> <span class='ocrx_word' id='word_1_346' title='bbox 284 4339 363 4389; x_wconf 88' lang='lat' dir='ltr'>Lach.</span> <span class='ocrx_word' id='word_1_347' title='bbox 430 4341 521 4390; x_wconf 61' lang='lat' dir='ltr'>aarum</span> <span class='ocrx_word' id='word_1_348' title='bbox 531 4339 611 4390; x_wconf 83' lang='lat' dir='ltr'>Lech.</span> <span class='ocrx_word' id='word_1_349' title='bbox 623 4339 664 4387; x_wconf 81' lang='lat' dir='ltr'>for</span> <span class='ocrx_word' id='word_1_350' title='bbox 675 4341 780 4388; x_wconf 77' lang='lat' dir='ltr'>leonum.</span> <span class='ocrx_word' id='word_1_351' title='bbox 814 4340 893 4388; x_wconf 76' lang='lat' dir='ltr'>leones</span> <span class='ocrx_word' id='word_1_352' title='bbox 905 4339 971 4388; x_wconf 91' lang='lat' dir='ltr'>Mar.</span> <span class='ocrx_word' id='word_1_353' title='bbox 982 4338 1040 4390; x_wconf 83' lang='lat' dir='ltr'>Ald.</span> <span class='ocrx_word' id='word_1_354' title='bbox 1056 4339 1154 4391; x_wconf 86' lang='lat' dir='ltr'>1Junt.</span> <span class='ocrx_word' id='word_1_355' title='bbox 1168 4338 1238 4402; x_wconf 78' lang='lat' dir='ltr'>vulg.</span> <span class='ocrx_word' id='word_1_356' title='bbox 1313 4342 1362 4394; x_wconf 79' lang='grc'>755</span> 
     </span>
     <span class='ocr_line' id='line_1_42' title="bbox 163 4421 1366 4485; baseline 0.003 -13"><span class='ocrx_word' id='word_1_357' title='bbox 163 4427 256 4472; x_wconf 75' lang='lat' dir='ltr'>leonem</span> <span class='ocrx_word' id='word_1_358' title='bbox 273 4430 297 4472; x_wconf 86' lang='lat' dir='ltr'>et</span> <span class='ocrx_word' id='word_1_359' title='bbox 312 4431 395 4473; x_wconf 82' lang='lat' dir='ltr'>cetere</span> <span class='ocrx_word' id='word_1_360' title='bbox 408 4422 489 4473; x_wconf 82' lang='lat' dir='ltr'>Lech.</span> <span class='ocrx_word' id='word_1_361' title='bbox 501 4423 542 4472; x_wconf 82' lang='lat' dir='ltr'>for</span> <span class='ocrx_word' id='word_1_362' title='bbox 557 4425 654 4472; x_wconf 82' lang='lat' dir='ltr'>leonum</span> <span class='ocrx_word' id='word_1_363' title='bbox 664 4429 760 4472; x_wconf 85' lang='lat' dir='ltr'>cetero:</span> <span class='ocrx_word' id='word_1_364' title='bbox 778 4429 802 4472; x_wconf 84' lang='lat' dir='ltr'>et</span> <span class='ocrx_word' id='word_1_365' title='bbox 813 4436 865 4471; x_wconf 86' lang='lat' dir='ltr'>was</span> <span class='ocrx_word' id='word_1_366' title='bbox 876 4421 981 4485; x_wconf 84' lang='lat' dir='ltr'>already</span> <span class='ocrx_word' id='word_1_367' title='bbox 992 4421 1076 4471; x_wconf 87' lang='lat' dir='ltr'>added</span> <span class='ocrx_word' id='word_1_368' title='bbox 1086 4421 1121 4485; x_wconf 83' lang='lat' dir='ltr'>by</span> <span class='ocrx_word' id='word_1_369' title='bbox 1133 4422 1198 4472; x_wconf 84' lang='lat' dir='ltr'>Mar.</span> <span class='ocrx_word' id='word_1_370' title='bbox 1209 4421 1269 4473; x_wconf 82' lang='lat' dir='ltr'>Ald.</span> <span class='ocrx_word' id='word_1_371' title='bbox 1282 4423 1297 4472; x_wconf 89' lang='lat'>1</span> <span class='ocrx_word' id='word_1_372' title='bbox 1310 4423 1366 4476; x_wconf 85' lang='lat' dir='ltr'>and</span> 
     </span>
    </p>
   </div>
   <div class='ocr_carea' id='block_1_4' title="bbox 0 0 1430 4792">
    <p class='ocr_par' dir='ltr' id='par_1_16' title="bbox 0 0 1430 4792">
     <span class='ocr_line' id='line_1_43' title="bbox 0 0 1430 4792; baseline 0 0"><span class='ocrx_word' id='word_1_373' title='bbox 0 0 1430 4792; x_wconf 95' lang='lat' dir='ltr'> </span> 
     </span>
    </p>
   </div>
  </div>
 </body>
</html>
