2834 4792
679 241 728 305 VI

181 405 313 470 rarescit
336 406 413 491 quia
434 414 521 472 terra
543 408 646 471 calore
670 414 703 470 et
726 405 851 470 semiue
872 404 984 489 siquae

182 506 263 573 forte
285 510 411 595 vaporis
433 510 540 587 habet,
563 532 697 596 propere
721 509 861 574 dimittit
882 509 918 572 in
940 529 1041 572 auras.

182 633 246 696 quo
268 613 371 700 magis
393 622 443 679 est
465 615 568 699 igitur
589 615 688 680 tellus
710 615 808 679 effeta
830 614 942 688 calore,

182 715 222 779 fit
244 739 370 803 quoque
393 719 537 804 frigidior
559 719 615 804 qui
638 719 673 782 in
695 726 813 782 terrast
835 716 967 781 abditus
989 736 1088 778 umor.

182 820 299 907 frigore
322 844 396 887 cum
417 823 578 909 premitur
598 846 696 924 porrq
714 822 817 887 omnis
840 829 926 886 terra
947 819 1076 904 coitque

183 931 218 988 et
240 925 331 1009 quasi
353 927 536 1003 concrescit,
558 927 597 991 fit
619 926 742 990 scilicet
765 933 803 990 ut
826 924 970 989 coeundo

185 1027 345 1112 exprimat
367 1029 403 1093 in
424 1038 541 1115 puteos
563 1029 689 1115 siquem
711 1028 797 1116 gerit
819 1028 890 1112 ipsa
912 1026 1057 1092 calorem.

228 1130 306 1196 Esse
326 1131 415 1217 apud
437 1132 630 1197 Hammonis
652 1133 763 1196 fanum
786 1132 856 1196 fons
879 1132 949 1195 luce
972 1129 1089 1193 diurna

185 1231 320 1317 frigidus
342 1243 376 1299 et
398 1235 522 1299 calidus
543 1244 701 1300 nocturno
723 1243 868 1318 tempore
891 1233 1000 1297 fertur.

185 1334 271 1399 hunc
293 1337 439 1403 homines
461 1338 584 1403 fontem
606 1338 704 1402 nimis
726 1337 928 1402 admirantur
950 1346 984 1401 et
1007 1334 1073 1399 acri

185 1439 251 1504 sole
273 1449 392 1526 putant
414 1453 527 1527 supter
548 1452 649 1507 terras
672 1442 846 1507 fervescere
868 1440 997 1525 raptim,

185 1564 248 1606 nox
271 1544 329 1609 ubi
351 1545 488 1610 terribili
511 1555 612 1610 terras
634 1546 772 1632 caligine
795 1545 886 1609 texit.

186 1645 272 1731 quod
294 1647 391 1712 nimis
412 1670 432 1711 a
454 1657 561 1713 verast
583 1649 677 1735 longe
700 1647 824 1712 ratione
846 1654 1015 1711 remotum.

186 1749 305 1834 quippe
328 1751 386 1815 ubi
408 1751 454 1815 sol
476 1751 601 1816 nudum
624 1759 826 1815 contractans
849 1772 964 1834 corpus
986 1746 1083 1833 aquai

185 1873 250 1915 non
272 1854 391 1939 quierit
413 1854 554 1920 calidum
577 1878 693 1940 supera
715 1855 756 1919 de
777 1853 910 1918 reddere
933 1861 1034 1937 parte,

188 1977 259 2019 cum
283 1979 434 2043 superum
459 1959 569 2022 lumen
592 1966 685 2023 tanto
707 1958 829 2022 fervore
852 1958 988 2033 fruatur,

187 2059 243 2144 qui
265 2071 363 2146 queat
386 2063 438 2127 hic
460 2071 573 2148 supter
593 2072 662 2127 tam
685 2085 788 2126 crasso
810 2083 940 2146 corpore
963 2069 1083 2125 terram

187 2184 380 2248 percoquere
403 2187 547 2230 umorem
571 2175 605 2230 et
627 2166 731 2230 calido
753 2165 871 2230 satiare
894 2167 1033 2249 vapore?

188 2267 377 2349 praesertim
400 2291 474 2332 cum
497 2268 553 2331 vix
575 2269 676 2353 possit
699 2291 757 2354 per
779 2276 891 2353 saepta
912 2266 1080 2330 domorum

188 2369 351 2435 insinuare
373 2393 469 2436 suum
493 2372 590 2436 radiis
612 2373 802 2436 ardentibus
825 2380 960 2436 aestum.

187 2493 270 2556 quae
292 2473 406 2538 ratiost
428 2474 554 2560 igitur?
583 2475 737 2538 nimirum
760 2483 846 2538 terra
869 2473 973 2559 magis
995 2471 1081 2557 quod

188 2598 260 2639 rara
282 2585 373 2662 tepet
395 2578 515 2643 circum
538 2580 660 2644 fontem
683 2602 780 2666 quam
803 2587 909 2643 cetera
931 2577 1029 2642 tellus

188 2680 358 2766 multaque
380 2692 457 2748 sunt
479 2684 564 2770 ignis
586 2706 684 2769 prope
707 2683 831 2748 semina
852 2703 968 2766 corpus
990 2679 1094 2766 aquai

188 2781 327 2848 hoc'ubi
349 2785 488 2850 roriferis
511 2795 630 2851 terram
654 2809 716 2851 nox
738 2785 846 2850 obruit
869 2783 1000 2859 umbria,

190 2885 353 2971 extemplo
375 2889 506 2972 penitus
529 2888 672 2974 frigescit
694 2897 781 2953 terra
802 2887 938 2972 coitque.
1241 2881 1300 2960 865

189 2985 248 3050 hac
270 2988 395 3053 ratione
418 2991 456 3055 fit
479 2999 525 3067 ut,
548 3000 715 3076 tamquam
738 3013 918 3076 compressa
940 3011 1039 3053 manu
1063 2987 1113 3064 sit,

189 3091 350 3175 exprimat
371 3093 407 3157 in
429 3093 551 3158 fontem
575 3117 657 3179 quae
680 3094 803 3158 semina
825 3115 964 3178 cumque
986 3091 1087 3155 habet
1108 3089 1202 3176 ignis,

104 3278 106 3282 Ι
189 3215 272 3278 quae
288 3195 434 3283 ¹calidum
457 3197 580 3262 faciunt
603 3206 706 3282 aqiiae
728 3206 853 3262 tactum
877 3206 975 3281 atque
998 3216 1153 3281 saporem.

122 3312 125 3316 ’
190 3296 265 3362 inde
288 3298 346 3362 ubi
368 3300 414 3364 sol
436 3301 533 3365 radiis
556 3310 676 3366 terram
699 3300 836 3366 dimovit
860 3301 991 3365 obortus

102 3498 175 3550 Nico.
312 3504 359 3552 841
371 3505 487 3554 Rcreacit
498 3505 589 3554 Lamb.
603 3505 643 3554 for
654 3508 760 3554 Arcucit.
794 3507 889 3553 semina
902 3503 969 3552 Flor.
984 3504 1015 3551 31
1028 3500 1116 3551 (lamb.
1131 3501 1170 3549 for
1180 3501 1249 3549 aemi.
1282 3500 1306 3548 ai

104 3599 169 3646 quae
180 3583 274 3636 Arane.
290 3588 318 3635 ut
333 3585 384 3635 end
395 3587 423 3636 ol
441 3586 558 3636 Catullus
572 3587 612 3636 for
623 3591 698 3651 atquc
710 3586 794 3636 which
809 3587 842 3637 he
857 3587 918 3650 kept
929 3586 958 3634 in
969 3585 1026 3634 Ald.
1040 3586 1054 3633 l
1066 3598 1095 3633 as
1106 3581 1151 3632 did
1166 3583 1201 3631 all
1212 3580 1307 3631 editors

104 3665 189 3715 before
199 3665 279 3716 Lech.
410 3670 459 3718 842
471 3671 552 3731 tabet,
564 3686 669 3733 propere
681 3670 752 3719 Nice.
765 3669 853 3719 (lamb.
866 3669 938 3718 Mon.
950 3668 1009 3717 Ver.
1021 3667 1083 3717 Ven.
1098 3665 1165 3727 vulg.
1178 3665 1218 3714 for
1233 3666 1308 3714 tebet

101 3750 204 3809 proprie
220 3747 242 3796 B
259 3749 328 3798 Flor.
340 3751 380 3811 31,
390 3753 510 3813 propriae
527 3752 557 3802 A.
588 3754 689 3814 proprii
705 3752 782 3800 Bern.
800 3750 885 3799 whom
903 3750 916 3797 I
933 3747 1050 3798 followed
1067 3746 1096 3795 in
1113 3745 1190 3795 small
1207 3744 1245 3795 ed.
1258 3746 1307 3794 for·

103 3829 203 3893 getting
214 3829 272 3880 that
283 3832 365 3890 Nica,
377 3831 394 3882 i.
402 3847 423 3884 e.
437 3833 554 3896 Poggio‘s
565 3849 613 3882 ms.
626 3833 653 3882 in
666 3834 700 3883 all
711 3832 859 3894 likelihood,
874 3832 927 3882 had
934 3846 1047 3895 propere.
1221 3827 1269 3877 846
1280 3835 1310 3878 ut

104 3915 213 3963 coeundo
224 3913 315 3964 Lamb.
327 3914 368 3970 for
378 3917 407 3964 in
417 3917 534 3965 coeundo.
567 3919 596 3966 iu
606 3931 655 3979 quc
667 3918 746 3965 eundo
755 3914 824 3965 Nico.
1001 3912 1153 3974 851raprtm
1165 3910 1256 3960 Lamb.
1269 3909 1309 3958 lor

102 3997 208 4058 partim.
307 3997 354 4046 857
365 4005 450 4058 supter
460 3997 544 4055 Pont,
555 3999 639 4046 ruhte
651 3997 716 4046 Mar.
728 3995 785 4046 Ald.
800 3995 900 4044 1Junt.
913 3996 953 4044 for
963 4009 1045 4056 super.
1153 3992 1201 4041 858
1212 3992 1307 4040 satiare

106 4074 164 4126 Vct.
177 4076 242 4127 1954
252 4077 346 4128 Othob.
360 4077 423 4126 Pius
437 4079 466 4127 in
481 4082 563 4138 notes,
576 4078 687 4127 Tumob.
700 4077 798 4128 advers.
811 4092 872 4126 xxrr
884 4078 915 4125 13
927 4077 966 4126 for
976 4077 1077 4125 scelere.
1114 4076 1207 4123 notiore
1219 4071 1308 4122 (lamb.

106 4157 201 4210 Arane.
237 4151 426 4211 coldureNicc.
462 4164 557 4210 sociare
568 4160 638 4211 Flcr.
653 4162 684 4210 31
697 4161 764 4211 Mar.
776 4160 849 4210 Junt.
885 4158 1066 4208 docereBern.
1179 4142 1311 4204 suarim

103 4241 196 4293 Lamb.
212 4241 323 4292 Turneb.
336 4242 393 4292 adv.
405 4257 467 4291 xxvr
479 4244 509 4292 13
521 4243 561 4291 for
571 4243 651 4292 Pura.
687 4249 751 4304 tepet
763 4239 842 4289 Lech.
854 4241 894 4289 lor
907 4247 980 4290 tecet.
1079 4237 1127 4287 864
1138 4239 1231 4286 umbria
1242 4235 1308 4287 Mar.

107 4323 158 4390 (ap.
172 4323 278 4382 Victor„
289 4328 336 4374 not
347 4323 375 4372 in
386 4327 457 4386 ma),
468 4324 562 4374 Arane.
577 4325 606 4372 at
615 4322 666 4372 end
677 4323 705 4371 of
715 4322 820 4380 Oatnll„
832 4320 904 4371 Junt.
919 4321 959 4369 for
969 4321 1054 4370 undis.
1153 4319 1200 4368 865
1208 4321 1312 4381 perettus

103 4405 185 4457 Lach-
198 4405 238 4455 for
249 4407 353 4456 accitae.
386 4407 470 4454 arettas
481 4405 539 4454 ald.
552 4406 566 4454 1
578 4405 651 4455 lunt.
665 4404 733 4466 vulg.
766 4405 840 4452 colito
852 4402 917 4453 Mar.
1078 4401 1125 4451 868
1137 4404 1219 4464 epilee
1231 4399 1312 4450 Lech.
