2834 4792
663 251 711 316 VI

161 411 247 497 quod
268 411 297 476 si
318 412 470 498 Iuppiter
491 420 590 498 atque
612 412 669 477 alii
692 413 853 498 fulgentia
875 411 943 476 divi

162 514 300 580 terrifico
322 515 476 601 quatiunt
497 515 606 580 souitu
629 516 781 580 caelestia
803 516 927 602 templa

163 627 197 683 et
218 618 342 684 iaciunt
363 618 474 706 ignem
495 640 560 705 quo
582 620 750 705 quoiquest
772 642 911 705 cumque
935 621 1092 706 voluptas,

161 745 219 787 cur
240 723 358 809 quibus
379 723 548 787 incautum
571 722 676 787 scelus
697 724 875 788 aversabile
898 733 1069 810 cumquest

162 849 225 891 non
248 827 372 892 faciunt
393 827 452 892 icti
474 826 621 892 flammas
644 836 682 891 ut
705 828 842 915 fulguris
865 828 978 893 halent

162 939 291 1015 pectore
314 930 444 1016 perfixo,
466 930 625 995 documen
647 931 838 996 mortalibus
860 953 943 1009 acre,

162 1042 197 1097 et
218 1025 327 1119 potius
349 1035 440 1099 nulla
461 1034 524 1099 sibi
547 1034 636 1120 turpi
657 1033 802 1098 conscius
824 1034 859 1098 in
881 1056 916 1098 re

162 1138 302 1203 volvitur
323 1138 358 1203 in
380 1139 520 1203 flammis
542 1139 693 1203 innoxius
715 1139 813 1224 inque
835 1138 968 1225 peditur

161 1241 293 1306 turbine
314 1241 448 1306 caelesti
469 1242 578 1307 subito
600 1252 767 1328 correptus
789 1251 823 1307 et
845 1243 940 1330 igni?

160 1368 217 1410 cur
238 1346 338 1411 etiarn
360 1346 430 1411 loca
451 1347 518 1410 sola
540 1355 658 1432 petunt
681 1348 863 1432 frustraque
885 1346 1059 1410 laborant?

159 1470 203 1513 an
226 1457 297 1513 tum
319 1449 469 1514 bracchia
490 1458 703 1514 consuescunt
724 1450 918 1534 firmantque
941 1450 1098 1514 lacertos?

159 1553 196 1617 in
217 1562 367 1639 terraque
388 1553 491 1640 patris
513 1576 570 1618 cur
592 1553 695 1618 telum
718 1553 949 1638 perpetiuntur

159 1656 320 1741 optundi?
349 1679 407 1721 our
428 1656 497 1742 ipse
519 1656 599 1721 sinit
623 1679 726 1742 neque
748 1657 852 1743 parcit
874 1657 909 1720 in
931 1657 1058 1722 hostis?

158 1761 299 1846 denique
320 1783 378 1825 cur
399 1782 577 1845 numquam
600 1760 687 1825 caelo
709 1759 787 1825 iacit
809 1760 953 1845 undique
975 1782 1057 1845 puro

160 1863 311 1949 Iuppiter
330 1863 367 1927 iu
389 1871 488 1929 terras
511 1863 635 1926 fulmen
657 1862 846 1948 sonitusque
868 1862 1062 1948 profundit?

158 1988 202 2029 an
223 1965 321 2031 simul
342 1987 380 2030 ac
401 1964 505 2029 nubes
526 1986 714 2040 successere,
736 1965 806 2051 ipse
829 1964 863 2028 in
885 1986 940 2029 eas
963 1973 1035 2029 tum

160 2068 335 2145 descendit,
357 2091 456 2155 prope
478 2078 517 2133 ut
540 2067 615 2132 hinc
638 2068 696 2132 teli
718 2068 914 2133 determinet
937 2067 1048 2133 ictus?

159 2171 194 2236 in
216 2195 304 2238 mare
326 2194 391 2258 qua
413 2194 505 2257 porro
528 2171 633 2236 mittit
655 2172 804 2237 ratione?
834 2172 913 2258 quid
936 2173 1040 2236 undas

158 2277 268 2363 arguit
290 2285 324 2342 et
346 2277 502 2362 liquidam
526 2276 643 2340 molem
666 2298 858 2362 camposque
880 2276 1049 2340 natantis?

159 2388 326 2465 praeterea
347 2380 376 2445 si
398 2380 470 2444 vult
492 2401 663 2444 caveamus
685 2379 831 2443 fulminis
852 2379 964 2456 ictum,

159 2505 216 2548 cur
237 2483 369 2548 dubitat
390 2485 493 2548 facere
516 2491 554 2548 ut
576 2483 735 2569 possimus
758 2505 887 2548 cernere
909 2483 1068 2548 missum?

158 2586 187 2651 si
208 2610 268 2652 nec
289 2586 453 2674 opinantis
475 2598 585 2651 autern
610 2589 676 2651 volt
699 2587 879 2673 opprimere
901 2587 980 2673 igni,

159 2711 216 2753 cur
237 2697 330 2754 tonat
351 2713 391 2755 ex
413 2690 470 2754 illa
491 2701 592 2776 parte,
615 2700 653 2754 ut
677 2691 779 2755 vitare
801 2712 966 2776 queamus,

158 2815 216 2857 cur
238 2794 387 2859 tenebras
409 2804 485 2859 ante
509 2803 542 2859 et
566 2794 713 2858 fremitus
735 2801 769 2858 et
792 2817 958 2858 murmura
979 2793 1109 2858 concitl
1211 2812 1277 2875 410

159 2903 194 2960 ct
215 2896 311 2961 simul
334 2897 368 2961 in
391 2898 512 2961 multas
533 2896 635 2982 partis
657 2897 714 2980 qui
737 2896 864 2961 credere
887 2896 988 2981 possis

158 2996 316 3063 mittere?
344 3021 385 3061 an
409 2998 468 3062 hoc
490 2997 577 3062 ausis
599 3020 776 3083 numquam
799 2998 992 3062 contendere
1015 2999 1146 3077 factum,

159 3112 197 3165 ut
219 3101 334 3165 fierent
357 3101 441 3165 ictus
463 3124 528 3165 uno
551 3101 612 3165 sub
634 3110 780 3187 tempore
803 3101 937 3185 plures?

157 3212 194 3266 at
216 3211 342 3288 saepest
364 3226 498 3268 numero
521 3204 644 3267 factum
667 3204 800 3289 fierique
823 3212 992 3280 necessest,

157 3314 196 3370 ut
217 3307 328 3391 pluere
350 3306 385 3371 in
406 3306 520 3371 multis
541 3306 726 3393 regionibus
749 3315 782 3371 et
805 3309 918 3372 cadere
941 3308 1063 3385 imbris,
1209 3322 1271 3390 415

159 3410 296 3475 fulmina
318 3411 363 3475 sic
385 3433 450 3475 uno
472 3411 543 3475 fieri
565 3411 626 3475 sub
648 3419 793 3497 tempore
816 3413 929 3477 multa.

157 3523 319 3598 postremo
341 3537 398 3579 cur
419 3523 531 3579 sancta
552 3515 649 3580 deum
673 3517 807 3580 delubra
830 3539 968 3603 suasque

158 3619 293 3684 discutit
315 3619 433 3684 infesto
455 3620 633 3704 praeclaras
657 3621 792 3685 fulmine
815 3623 907 3686 sedes

157 3732 192 3788 et
213 3723 296 3788 bene
318 3724 403 3788 facta
425 3723 522 3788 deum
547 3724 668 3810 frangit
690 3725 862 3790 simulacra
884 3725 1014 3810 suisque

156 3825 259 3891 demit
281 3825 476 3910 imaginibus
500 3826 642 3891 violento
666 3828 793 3892 volnere
816 3828 993 3892 honorem?
1210 3845 1276 3907 420

71 3992 192 4044 asinas.
301 3994 559 4056 889quoquoiquest.
598 4009 646 4056 quo
657 3996 747 4056 cuique
758 4001 795 4044 est
806 3993 876 4045 Flor.
888 3994 919 4043 31
932 3993 1022 4043 Camb.
1035 3993 1101 4044 Mar.
1113 3997 1161 4043 etc.
1174 3994 1214 4042 for
1226 4011 1274 4056 quo

71 4078 180 4138 laqueat.
213 4075 328 4138 voluptas
339 4073 413 4124 Junt.
428 4074 485 4123 first
498 4076 554 4135 (not
566 4073 634 4124 Flor.
649 4076 680 4123 31
693 4089 722 4124 or
733 4074 810 4140 Mar.)
824 4075 863 4124 lor
873 4077 999 4124 voluntas.
1098 4075 1146 4125 401
1157 4076 1275 4138 Iuppiter

70 4161 100 4208 in
111 4164 190 4206 terras
202 4156 273 4206 Nico.
285 4156 307 4205 B
318 4170 383 4205 corr.
396 4156 436 4205 for
446 4158 618 4220 Iuppiterras:
635 4157 682 4207 but
694 4157 756 4207 both
768 4158 790 4206 B
803 4156 855 4207 and
868 4157 938 4210 Nico.
953 4157 1018 4221 apoll
1032 4159 1140 4219 Iupiter.
1225 4159 1274 4207 402

70 4242 124 4304 ipse
135 4241 166 4290 ἐπ
176 4254 218 4288 eas
230 4245 282 4288 tum
291 4237 383 4289 hamb.
392 4238 448 4287 first
460 4238 500 4288 for
510 4241 563 4302 ipse
574 4241 604 4288 in
614 4246 718 4288 aestum.
746 4240 815 4303 ipsus
827 4241 857 4288 in
867 4245 963 4289 aestum
970 4238 1039 4289 Plor.
1048 4240 1079 4288 31
1089 4239 1178 4289 (lamb.
1189 4239 1272 4290 evat.

70 4321 137 4371 Mar.
148 4319 223 4370 Walr.
353 4321 402 4371 406
418 4321 561 4370 Praeterea.
598 4319 853 4384 ProptereaANioc.
886 4322 911 4369 ai
921 4321 977 4370 vult
988 4319 1084 4370 Avanc.
1101 4319 1233 4369 Candidus
1245 4325 1272 4371 at

70 4400 122 4454 end
131 4401 160 4453 ol
173 4401 247 4452 Junt.
259 4401 369 4463 Nauger.
380 4401 421 4451 for
435 4404 458 4451 si
473 4403 539 4450 vivit
554 4402 586 4460 B,
598 4403 621 4451 si
635 4403 702 4451 iuvit
718 4402 748 4460 A,
759 4404 843 4451 senuit
858 4400 929 4452 Nico.
941 4403 994 4452 sevi
1011 4408 1040 4450 at
1053 4401 1123 4451 Flor.
1136 4402 1167 4449 31
1182 4400 1271 4452 camb.
