2804 4786
933 200 959 266 'J

731 262 759 326 V

228 447 268 489 ex
290 423 420 490 infinito
441 424 508 489 iam
530 433 676 510 tempore
697 423 805 490 adhuc
826 424 1010 511 potuissent

227 528 366 593 inmensi
388 527 511 593 validas
531 528 605 592 aevi
626 536 832 594 contemnere
853 528 946 593 vires.

272 631 422 717 Denique
444 637 615 717 tantopere
636 630 724 696 inter
744 653 779 696 se
801 654 876 696 cum
898 632 1041 697 maxima
1063 634 1184 699 mundi
1296 637 1355 717 380

228 744 376 823 pugnent
398 735 553 811 membra,
574 734 628 820 pio
649 757 855 822 nequaquam
878 736 1005 800 concita
1026 735 1123 813 bello,

228 862 334 905 nonne
357 841 448 905 vides
469 841 612 926 aliquam
635 840 723 926 longi
745 840 932 906 certaminis
953 839 1025 904 ollis

229 965 321 1030 posse
343 943 414 1008 dari
435 943 557 1009 finem?
587 945 639 1009 vel
660 967 734 1009 oum
757 945 803 1009 sol
826 952 861 1008 et
882 965 982 1029 vapor
1003 943 1108 1008 omnis

229 1047 378 1111 omnibus
400 1046 506 1132 epotis
527 1048 693 1112 umoribus
715 1046 956 1133 exsuperarint:

229 1151 316 1237 quod
338 1151 442 1215 facere
463 1149 649 1228 intendunt,
670 1172 777 1236 neque
798 1149 905 1215 adhuc
926 1157 1043 1214 conata
1064 1157 1265 1235 patrantur:
1297 1156 1355 1234 385

230 1262 360 1319 tantum
383 1254 595 1340 suppeditant
615 1276 728 1319 amnes
749 1254 899 1339 ultraque
921 1251 1091 1316 minantur

231 1357 340 1423 omnia
359 1355 518 1420 diluviare
541 1378 581 1421 ex
603 1357 670 1422 alto
691 1356 823 1444 gurgite
843 1355 946 1442 ponti,

231 1459 439 1546 nequiquam,
459 1459 612 1546 quoniam
635 1467 800 1525 verrentes
820 1481 962 1544 aequora
983 1460 1075 1523 venti

231 1564 426 1630 deminuunt
448 1563 610 1648 radiisque
632 1570 783 1628 retexens
804 1562 969 1628 aetherius
991 1562 1048 1638 sol,

232 1677 266 1733 et
288 1667 406 1732 siccare
427 1667 518 1753 prius
540 1668 708 1733 confidunt
729 1667 838 1732 omnia
859 1689 951 1753 posse

233 1795 329 1858 quam
352 1771 458 1857 liquor
479 1771 601 1857 incepti
623 1771 725 1858 possit
746 1771 933 1859 contingere
955 1771 1064 1837 finem.

232 1884 363 1940 tantum
386 1875 547 1962 spirantes
568 1897 672 1962 aequo
694 1875 871 1941 certamine
892 1875 1016 1941 bellum

232 1978 359 2066 magnis
379 1979 463 2045 iuter
483 2001 516 2046 ae
537 1978 578 2044 de
599 1980 696 2044 rebus
717 2002 847 2044 cernere
869 1987 1005 2056 certant,

233 2104 307 2147 cum
330 2082 430 2147 semel
452 2082 577 2146 interea
599 2082 698 2147 fuerit
719 2081 923 2169 superantior
944 2081 1030 2168 ignis

234 2193 268 2251 et
291 2185 399 2262 semel,
422 2193 460 2250 ut
482 2186 568 2249 fama
590 2193 649 2263 est,
671 2207 765 2249 umor
786 2184 929 2272 regnarit
951 2184 986 2249 in
1008 2185 1102 2250 arvis.

235 2288 320 2375 ignis
341 2288 428 2352 enim
450 2296 582 2374 superat
605 2296 640 2353 et
661 2287 808 2352 lambens
830 2286 935 2352 multa
956 2287 1107 2372 perussit,

235 2392 308 2456 avia
330 2414 404 2456 cum
427 2391 634 2457 Phaethonta
654 2414 754 2478 rapax
776 2392 825 2456 vis
847 2391 923 2457 solis
945 2413 1101 2477 equorum

235 2497 365 2561 aethere
388 2497 530 2582 raptavit
552 2505 622 2562 toto
644 2505 810 2584 terrasque
832 2496 1025 2582 peremnis.
1187 2483 1190 2488 ’

236 2609 271 2665 at
293 2609 386 2688 pater
408 2600 612 2687 omnipotens
634 2602 683 2666 ira
705 2610 777 2667 tum
799 2601 943 2687 percitus
964 2600 1031 2665 acri
1115 2642 1118 2646 Α

237 2705 481 2790 magnanimum
503 2703 710 2769 Phaethonta
730 2704 859 2791 repenti
881 2703 1026 2768 fulminis
1048 2703 1117 2769 ictu

174 2886 180 2896 ἱ
236 2807 422 2872 deturbavit
445 2808 536 2894 equis
558 2807 593 2872 in
615 2816 744 2886 terram,
768 2809 878 2893 solque
900 2807 1030 2873 cadenti

237 2910 350 2975 obvius
372 2920 538 2976 aeternam
560 2911 703 2997 succepit
725 2912 876 2998 lampada
897 2911 1012 2976 mundi

237 3013 451 3100 disiectosque
473 3015 599 3102 redegit
622 3038 721 3101 equos
743 3015 916 3101 iunxitque
938 3015 1119 3090 trementis,

237 3115 312 3180 inde
336 3139 431 3181 suum
454 3139 512 3202 per
533 3118 597 3183 iter
617 3118 775 3183 recreavit
795 3126 914 3183 cuncta
934 3117 1130 3204 gubernans,

237 3219 360 3284 scilicet
382 3228 420 3284 ut
442 3229 568 3286 veteres
590 3221 725 3286 Graium
747 3221 890 3286 cecinere
912 3228 1035 3306 poetae.
1298 3238 1361 3305 405

239 3321 324 3406 quod
347 3323 457 3406 procul
480 3345 500 3386 a
521 3345 597 3387 vera
618 3323 716 3387 nimis
738 3332 788 3388 est
810 3322 935 3387 ratione
957 3323 1133 3408 repulsum.

239 3424 324 3511 ignis
346 3425 432 3490 enim
455 3448 606 3512 superare
628 3434 737 3512 potest
760 3426 816 3491 ubi
838 3425 987 3491 materiai

239 3550 279 3592 ex
302 3527 430 3593 infinito
453 3537 530 3593 eunt
552 3551 683 3615 corpora
705 3530 800 3615 plura
822 3537 948 3609 coorta;

239 3631 315 3696 inde
337 3633 459 3698 cadunt
481 3634 564 3698 vires
586 3633 696 3719 aliqua
717 3634 843 3698 ratione
865 3633 1014 3710 revictae,

240 3744 298 3800 aut
320 3745 459 3821 pereunt
480 3759 532 3801 res
554 3745 687 3802 exustae
710 3737 909 3802 torrentibus
930 3737 1026 3801 auris.
1293 3753 1353 3819 410

155 3938 244 3988 thiuks
256 3937 315 3988 that
326 3934 374 3988 369
386 3935 438 3986 and
449 3938 497 3989 373
509 3951 552 3986 are
563 3935 771 3999 interpolatione.
850 3938 897 3986 382
915 3937 1059 3987 acuminis
1070 3937 1128 3986 ollis
1139 3935 1211 3986 Flor.
1223 3938 1255 3986 31
1266 3934 1363 3990 camb„

155 4019 221 4069 Mar.
233 4004 493 4069 forcertamicieolia
586 4018 634 4067 385
647 4024 793 4081 patrantur.
823 4017 1076 4081 patraruntGoebel.
1167 4016 1216 4068 386
1232 4019 1374 4081 ulum

154 4104 268 4167 ultroque
279 4103 349 4153 Flor.
362 4103 393 4151 31
408 4101 497 4152 camb.
509 4100 574 4152 Mar.
587 4101 655 4164 vulg.
776 4103 824 4152 393
841 4104 909 4152 iuter
919 4117 944 4152 ae
955 4100 1068 4152 inserted
1079 4101 1114 4165 by
1123 4099 1205 4151 Lech.
1217 4100 1306 4161 before,
1317 4096 1382 4170 by

156 4186 227 4236 Nica.
246 4185 316 4237 Flor.
337 4187 368 4234 31
389 4185 478 4235 (lamb.
496 4186 567 4236 Mon.
587 4186 657 4248 vulg.
675 4186 741 4236 after
760 4185 790 4234 de
809 4187 889 4238 retro.
1044 4184 1092 4236 396
1110 4190 1217 4248 cuperat
1232 4179 1308 4249 (pert)
1328 4199 1378 4241 ee

157 4269 265 4319 lambens
284 4268 365 4318 Lach.
385 4269 427 4318 lor
444 4271 575 4332 superavit
593 4276 618 4318 et
636 4270 742 4318 umbem.
783 4269 891 4318 umbem
909 4267 931 4316 B
949 4281 1028 4318 corn:
1056 4281 1105 4317 nor
1123 4265 1172 4316 has
1192 4267 1287 4317 umbem
1300 4274 1372 4333 Q

157 4350 293 4411 existence,
313 4350 428 4400 whether
445 4366 475 4402 aa
494 4351 585 4415 partic.
603 4351 631 4401 of
649 4351 750 4400 ambedo
768 4365 798 4399 or
815 4351 906 4399 ambio.
1101 4349 1149 4400 399
1168 4355 1221 4398 tum
1237 4346 1300 4397 uu.
1318 4347 1366 4398 m

156 4431 246 4484 camb.
268 4431 333 4485 Mar.
360 4431 400 4482 sor
421 4447 486 4482 mim.
641 4432 712 4481 Δ405
743 4431 849 4479 Graium
870 4429 940 4479 Flor.
962 4429 994 4478 31
1019 4427 1109 4478 camb.
1131 4427 1209 4479 Pont.
1230 4426 1288 4478 Mar.
1307 4418 1363 4475 flor
