2834 4792
105 269 168 318 200
678 251 729 317 IV

214 414 436 499 maiorumque
458 414 556 478 refert
579 415 686 479 voltus
708 435 864 500 vocesque
886 436 1066 500 comasque.

111 534 192 599 1227
215 527 250 582 et
271 517 429 582 muliebre
452 517 555 582 oritur
575 518 681 603 patrio
703 517 744 583 de
766 516 889 584 semine
910 518 1053 584 saeclum

214 630 424 706 matemoqne
447 643 551 685 mares
573 622 720 686 existunt
742 643 871 707 corpore
893 623 992 702 creti;

112 740 189 806 1225
215 722 474 810 quandoquidem
497 724 564 788 nilo
586 725 690 811 magis
712 725 792 790 haec
813 725 852 790 de
874 725 998 790 semine
1019 734 1109 790 certo

215 827 300 892 fiunt
323 850 421 912 quam
443 828 540 892 facies
562 836 596 891 et
617 849 749 913 corpora
771 827 980 913 membraque
1002 827 1113 909 nobis;

216 955 343 1018 semper
364 933 452 997 enim
474 940 587 1018 partus
609 932 732 1017 duplici
753 931 793 997 de
816 932 938 997 semine
961 939 1097 1008 constat,

216 1045 314 1122 atque
337 1037 404 1101 utri
426 1037 563 1101 similest
585 1037 689 1122 magis
710 1037 744 1101 id
767 1037 992 1122 quodcumque
1014 1046 1151 1112 creatur,

217 1140 288 1204 eius
310 1140 409 1205 habet
431 1140 505 1226 plns
527 1148 620 1225 parte
641 1162 763 1225 aequa3
792 1140 878 1226 quod
900 1161 1030 1204 cernere
1052 1140 1163 1226 possis,

217 1242 284 1307 sive
307 1243 412 1307 virum
435 1243 563 1307 suboles
585 1243 685 1307 sivest
707 1241 875 1307 muliebris
896 1243 993 1328 origo.

261 1347 332 1411 Nec
354 1347 464 1411 divina
486 1355 593 1411 satum
616 1347 791 1433 genitalem
815 1347 951 1412 numina
971 1347 1125 1432 cuiquam

217 1451 408 1528 absterrent,
431 1459 524 1535 pater
546 1473 566 1515 a
587 1451 696 1537 gnatis
718 1473 760 1515 ne
782 1450 930 1515 dulcibus
952 1472 1110 1536 umquam

218 1552 401 1637 appelletur
422 1561 457 1616 et
478 1563 517 1615 ut
539 1552 641 1616 sterili
664 1553 789 1617 Venere
812 1553 922 1639 exigat
944 1574 1079 1632 aevom3

219 1657 305 1741 quod
327 1657 517 1743 plerumque
539 1666 659 1744 putant
682 1667 716 1722 et
738 1658 843 1723 multo
865 1658 1023 1744 sanguine
1047 1659 1164 1724 maesti

219 1770 436 1846 conspergunt
459 1783 530 1825 aras
552 1761 747 1847 adolentque
770 1761 886 1825 altaria
908 1761 1008 1839 donis,

219 1874 257 1928 ut
279 1865 429 1950 gravidas
451 1865 588 1929 reddant
611 1888 726 1930 uxores
748 1865 870 1930 semine
893 1866 989 1953 largo.

221 1968 418 2053 nequiquam
440 1968 547 2033 divom
570 1991 692 2032 numen
712 1968 871 2053 sortisque
894 1969 1044 2055 fatigant.

219 2093 294 2134 nom
317 2071 443 2135 steriles
464 2071 601 2135 nimium
625 2094 729 2136 crasso
751 2080 828 2136 sunt
850 2072 973 2137 semine
996 2073 1117 2158 partim

221 2183 254 2239 et
277 2175 399 2260 liquido
422 2185 549 2260 praeter
572 2176 696 2240 iustum
719 2175 876 2261 tenuique
899 2175 1049 2241 vicissim.

221 2287 318 2342 tenve
341 2278 417 2342 locis
440 2279 517 2363 quia
539 2301 602 2342 non
625 2279 711 2364 potis
734 2288 784 2343 est
806 2279 946 2366 adfigere
968 2279 1155 2358 adhaesum,

222 2381 357 2467 liquitur
380 2383 542 2468 extemplo
564 2393 599 2447 et
620 2390 806 2447 revocatum
829 2382 916 2446 cedit
938 2383 1062 2448 abortn.

221 2487 357 2550 crassius
379 2487 430 2550 his
452 2510 545 2571 porro
567 2486 719 2572 quoniam
742 2487 922 2550 concretius
945 2508 1050 2572 aequo

222 2591 375 2667 mittitur,
399 2600 456 2654 ant
479 2614 540 2654 non
567 2605 633 2654 tarn
656 2589 779 2674 prolixo
800 2589 946 2675 provolat
968 2589 1036 2653 ictu

222 2702 280 2756 aut
303 2702 471 2777 penetrare
496 2695 578 2758 locos
600 2716 702 2778 aeque
726 2693 840 2778 nequit
862 2703 921 2757 aut
942 2701 1152 2778 penetratum

222 2817 316 2880 aegre
339 2795 535 2860 admiscetur
557 2796 708 2860 muliebri
730 2796 852 2860 semine
875 2817 992 2861 semen

223 2920 298 2960 nam
322 2898 461 2962 multum
485 2899 670 2962 barmoniae
694 2899 828 2962 Veneris
850 2898 978 2962 differre
1002 2898 1163 2966 videntur.

223 3010 321 3086 atque
344 3001 422 3064 alias
445 3001 501 3064 alii
524 3001 686 3086 complent
711 3001 813 3087 magis
835 3022 873 3064 ex
898 3000 1034 3086 aliisque
1139 3025 1141 3032 ·

224 3103 406 3187 succipiunt
428 3104 510 3167 aliae
533 3104 659 3189 pondus
682 3104 785 3189 magis
807 3103 906 3189 inque
927 3113 1130 3189 gravescunt.

225 3217 258 3270 et
281 3207 403 3270 multae
426 3207 551 3271 steriles
574 3208 773 3292 Hymenaeis
795 3215 871 3272 ante
894 3208 1027 3272 fuerunt

224 3312 371 3398 pluribus
394 3323 428 3377 et
449 3322 563 3377 nactae
586 3321 659 3397 post
681 3320 759 3376 sunt
781 3323 892 3376 tamen
916 3311 1000 3375 unde
1023 3312 1149 3398 puellos

224 3417 384 3500 suscipere
408 3426 441 3480 et
464 3425 560 3501 partu
584 3424 714 3501 possent
737 3416 893 3479 ditescere
916 3414 1012 3479 dulci.

224 3528 260 3582 et
283 3517 400 3602 quibus
422 3527 499 3581 ante
521 3516 609 3581 domi
632 3517 787 3581 fecundae
810 3539 906 3603 saepe
928 3515 1119 3602 nequissent

223 3643 338 3684 uxores
360 3642 480 3705 parere,
502 3621 669 3685 inventast
692 3621 755 3685 illis
778 3643 905 3707 quoque
928 3642 1058 3706 compar
1228 3622 1286 3692 1255

223 3734 347 3802 natura,
370 3732 409 3788 ut
431 3735 563 3809 possent
584 3725 693 3811 gnatis
715 3725 842 3789 munire
864 3733 1038 3790 senectam.

116 3911 196 3958 multo
207 3910 295 3958 modia.
407 3911 470 3958 1222
481 3910 512 3959 ab
523 3909 603 3961 Lech.
618 3910 658 3958 for
669 3926 694 3959 0.
805 3910 868 3958 1225
881 3909 944 3958 1226
958 3907 1031 3971 (1227
1044 3906 1289 3973 maculantur

116 3991 200 4040 ferreo
215 3991 311 4052 nither,
331 3990 376 4040 tue
393 4007 467 4041 sense
483 3992 616 4054 reqnang
632 3992 677 4042 ne
692 3992 798 4054 change.
919 3992 983 4042 1227
1000 3992 1030 4039 a
1047 3988 1132 4040 adum
1147 3989 1181 4052 sy
1196 3987 1254 4038 sror.
1267 3973 1288 4026 31

117 4075 192 4124 Pont.
204 4074 269 4124 Mar.
282 4074 356 4123 tunt.
369 4091 386 4123 a
396 4075 493 4126 Avano.
610 4077 698 4137 mepta.
712 4079 796 4124 minas
807 4074 898 4124 Lamb.
911 4072 1029 4122 followed
1040 4072 1075 4135 by
1086 4072 1123 4123 all
1133 4072 1216 4122 before
1229 4059 1289 4117 hall·

166 4157 229 4204 1230
246 4158 408 4218 quodcunque
425 4157 494 4205 Flor.
512 4159 543 4206 31
561 4157 651 4207 Gamb.
669 4158 727 4210 Ver.
746 4158 811 4208 Van.
828 4158 892 4207 Mar.
912 4156 953 4206 for
968 4171 1128 4220 qrwcumqua.

166 4239 229 4286 1234
241 4246 318 4300 poter
335 4254 351 4287 a
367 4242 452 4300 pactis
468 4239 568 4298 Brinl,
580 4240 654 4290 Pont.
670 4241 735 4289 Mar.
746 4239 805 4289 Ald.
819 4240 832 4288 1
844 4239 918 4290 Junt.
932 4238 972 4288 lor
984 4246 1090 4302 praeter
1105 4240 1214 4300 0000110.

166 4320 230 4367 1243
252 4321 319 4369 cedit
342 4320 416 4371 Pont.
439 4321 504 4370 Mar.
525 4321 584 4370 Ald.
608 4322 622 4369 1
644 4322 718 4370 Junt.
742 4323 782 4371 for
804 4324 892 4372 credit.
1024 4320 1089 4369 1244
1113 4322 1153 4370 bia
1173 4315 1245 4369 Iraoh-
1264 4306 1292 4357 f⁰¹

117 4402 165 4452 tto.
300 4401 362 4450 1252
376 4409 510 4464 postcunt
526 4403 617 4453 Lamb.
635 4404 691 4453 first
707 4404 748 4454 lor
760 4412 878 4468 porcean
900 4402 1001 4466 though
1017 4403 1095 4452 Lnor.
1111 4401 1222 4464 perhaps
1234 4389 1293 4446 wr⁰l⁶
