2834 4792
645 220 682 285 ΙΙ
1222 228 1264 298 97

149 385 284 470 ancipiti
306 384 459 470 quoniam
482 381 628 447 mucroni
650 380 815 464 utrimque
838 386 1002 454 notantur,
1205 393 1268 459 520

150 491 227 554 hinc
249 489 388 554 fiammis
409 487 499 552 illinc
522 485 635 570 rigidis
657 485 776 550 infesta
797 482 931 569 pruinis.

195 593 288 674 Quod
312 593 463 678 quoniam
486 590 589 666 docui,
611 611 747 676 pergam
770 596 936 653 conectere
959 609 1026 651 rem
1049 609 1132 673 quae

152 721 191 762 ex
214 697 274 761 hoc
295 705 374 782 apta
395 695 491 760 fidem
515 695 621 770 ducat,
643 693 819 780 primordia
840 715 955 767 rerum,

151 802 236 866 inter
258 824 292 866 se
314 800 413 865 simili
435 822 518 886 quae
540 807 619 864 sunt
641 799 785 884 perfecta
807 796 918 883 figura,

150 905 279 970 infinita
301 904 414 969 cluere.
460 903 581 968 etenim
604 901 760 966 distantia
782 923 855 966 cum
878 901 922 966 sit

152 1009 324 1073 formarum
346 1008 448 1083 finita,
470 1029 599 1072 necesse
622 1015 672 1070 est
695 1027 778 1090 quae
800 1005 921 1070 similes
943 1006 1009 1070 sint

152 1133 219 1175 esse
243 1109 386 1174 infinitas
408 1119 467 1174 aut
489 1130 650 1173 summam
673 1108 821 1171 materiai

153 1214 279 1278 finitam
302 1222 456 1290 constare,
479 1212 512 1277 id
535 1213 620 1298 quod
644 1235 708 1277 non
731 1234 800 1277 esse
822 1212 954 1297 probavi

154 1317 300 1382 versibus
321 1316 494 1382 ostendens
515 1316 704 1402 corpuscula
726 1315 874 1381 materiai

155 1443 195 1484 ex
217 1419 345 1484 infinito
368 1442 528 1484 summam
551 1441 658 1484 rerum
682 1441 784 1504 usque
807 1429 927 1496 tenere,

155 1523 300 1608 undique
323 1523 447 1608 protelo
470 1523 639 1610 plagarum
662 1523 858 1588 continuata

155 1648 231 1689 nam
253 1626 339 1712 quod
360 1648 432 1690 rara
455 1626 545 1690 vides
567 1625 671 1712 magis
694 1647 762 1690 esse
785 1626 938 1690 animalia
960 1627 1118 1711 quaedam

155 1731 388 1817 fecundamque
410 1731 519 1796 minus
541 1741 691 1796 naturam
714 1730 817 1795 cernis
838 1731 873 1795 in
895 1731 968 1808 illis,

155 1843 191 1899 at
213 1835 342 1920 regione
365 1834 496 1920 locoque
518 1835 582 1900 alio
603 1834 761 1920 tenisque
783 1835 916 1899 remotis

156 1937 260 2002 multa
282 1937 358 2003 licet
379 1960 497 2024 genere
520 1960 590 2002 esse
611 1938 646 2001 in
669 1959 706 2002 eo
728 1960 964 2023 numerumque
986 1937 1121 2024 repleri3
1211 1953 1270 2020 535

157 2042 241 2106 sicut
263 2041 499 2127 quadripedum
521 2064 595 2107 cum
617 2041 730 2127 primis
752 2063 821 2106 esse
844 2040 992 2105 videmus

157 2145 192 2208 in
213 2166 330 2231 genere
351 2144 567 2230 anguimanus
590 2144 787 2230 elephantos,
810 2143 907 2210 India
928 2167 1065 2230 quorum

156 2247 288 2311 milibus
311 2269 329 2311 e
350 2246 463 2311 multis
486 2247 569 2311 vallo
592 2246 740 2311 munitur
762 2247 893 2323 eburno,

157 2359 196 2415 ut
218 2350 348 2436 penitus
370 2360 511 2436 nequeat
533 2352 713 2437 penetrari:
737 2359 832 2416 tanta
853 2351 992 2415 ferarum

157 2455 206 2518 vis
229 2464 286 2533 est,
308 2477 445 2541 quarum
468 2477 526 2520 nos
547 2477 709 2543 perpauca
731 2456 880 2541 exempla
902 2455 1057 2519 videmus.
1214 2469 1277 2536 540

158 2559 214 2622 sed
237 2567 347 2623 tamen
370 2558 403 2623 id
426 2581 554 2644 quoque
577 2559 628 2623 uti
650 2558 830 2635 concedam,
853 2558 1043 2644 quamlubet
1067 2566 1135 2623 esto

158 2662 255 2726 unica
275 2684 326 2727 res
348 2663 506 2748 quaedam
529 2663 639 2727 nativo
660 2685 789 2748 corpore
812 2664 886 2739 sola,

68 2821 152 2864 atras.
252 2814 299 2862 521
318 2815 412 2877 insecta
427 2813 508 2863 Lech.
527 2814 568 2863 101
584 2815 686 2877 insessa,
700 2814 751 2864 and
770 2828 798 2863 so
816 2814 908 2863 hamb.
927 2813 956 2863 in
972 2818 1054 2872 notes,
1066 2817 1162 2863 insessa
1178 2813 1206 2863 in
1222 2817 1277 2863 text

71 2895 142 2946 after
152 2893 217 2943 Mar.
229 2894 302 2943 Junt.
336 2896 435 2958 inferna
447 2894 515 2944 Flor.
528 2896 559 2943 31
571 2894 629 2944 Vat.
643 2896 705 2946 1954
718 2894 812 2945 Othob.
824 2895 867 2944 old
878 2895 931 2944 ads.

104 2974 250 3025 522-568:
267 2975 321 3025 this
336 2990 443 3039 passage
458 2977 472 3025 I
488 2976 553 3027 have
568 2976 633 3040 fully
644 2976 777 3027 discussed
792 2977 820 3026 in
832 2977 921 3027 camb.
934 2978 1026 3027 Journ.
1038 2977 1066 3026 01
1075 2975 1138 3039 phil.
1152 2991 1178 3025 1v
1189 2991 1214 3040 p.
1231 2977 1277 3025 143

71 3062 119 3108 etc.
129 3055 234 3106 wharel
244 3056 309 3107 have
321 3057 407 3107 shewn
419 3057 477 3108 that
488 3057 567 3109 111011
579 3058 603 3107 11
613 3059 684 3120 quite
693 3073 781 3121 wrong
790 3058 818 3107 in
827 3059 960 3120 enclosing
971 3060 1100 3111 522-528
1112 3059 1140 3108 in
1151 3059 1277 3118 brackets,

71 3140 128 3192 and
138 3139 277 3202 beginning
288 3154 304 3189 a
315 3154 371 3189 new
381 3140 526 3202 paragraph
537 3144 565 3190 at
576 3141 633 3199 529,
646 3141 698 3190 and
710 3140 781 3191 thera
792 3141 898 3203 reading
910 3143 1030 3191 Protinus
1042 3141 1082 3191 101
1096 3143 1211 3191 Versibus
1221 3160 1228 3191 :
1245 3141 1278 3191 he

70 3221 144 3284 gives
158 3234 190 3269 us
205 3219 249 3269 the
264 3219 425 3278 alternative,
437 3219 521 3270 which
536 3221 613 3270 Bern.
624 3221 673 3270 has
685 3221 803 3285 adopted,
816 3223 843 3270 01
860 3221 994 3285 assuming
1005 3237 1055 3271 one
1066 3236 1095 3271 or
1111 3237 1181 3272 more
1193 3236 1278 3271 verses

70 3309 101 3354 to
111 3303 180 3352 have
190 3303 254 3352 bean
269 3301 321 3350 lost
335 3302 420 3352 before
435 3303 566 3359 Verritum
583 3301 636 3352 and
647 3301 739 3353 indeed
751 3304 787 3353 all
801 3303 888 3354 before
899 3303 955 3353 him
967 3305 1033 3353 iram
1045 3304 1111 3356 Mar.
1125 3303 1183 3354 Ald.
1197 3305 1211 3352 1
1227 3303 1279 3353 and

71 3387 148 3437 sunt.
169 3376 328 3435 dounwards
346 3383 411 3434 have
429 3383 542 3433 inserted
560 3385 613 3433 this
632 3385 692 3447 line,
713 3387 784 3447 Quod
802 3390 921 3449 quoniam
939 3387 1104 3444 1001111111
1121 3390 1278 3450 suaviloquia

70 3484 120 3532 age
135 3467 235 3530 pauca.
268 3465 398 3515 Victorius
416 3465 444 3513 in
463 3464 505 3514 his
523 3479 588 3528 copy
599 3466 627 3515 01
644 3467 780 3516 Marullus’
798 3471 873 3517 notes
888 3467 937 3518 has
954 3471 1002 3517 not
1017 3467 1071 3518 this
1085 3468 1154 3529 line;
1172 3470 1226 3527 but,
1239 3469 1279 3518 101

10 3560 19 3621 ,¹
74 3549 202 3604 Vareno,
220 3549 294 3598 Nunc
310 3561 376 3605 vero,
395 3545 529 3596 Marullus'
545 3547 602 3596 first
619 3547 739 3611 thought,
756 3550 899 3612 answaring
916 3553 944 3599 to
961 3549 1135 3599 Lachmann’s
1150 3551 1277 3599 Protinus.

75 3631 118 3680 No
136 3628 228 3691 stopie
243 3633 270 3678 to
285 3627 316 3678 be
330 3629 378 3690 put
394 3630 421 3677 at
436 3627 482 3677 the
497 3627 548 3678 end
559 3628 587 3678 01
603 3629 659 3687 528,
671 3629 724 3680 and
740 3631 788 3681 529
800 3632 928 3680 osteadens
945 3630 968 3680 is
983 3635 1011 3680 10
1026 3631 1056 3681 be
1072 3631 1132 3681 read
1149 3631 1189 3681 101
1200 3639 1280 3681 osten·

74 3715 152 3773 dam
169 3709 221 3760 and
237 3709 301 3760 then
320 3709 355 3760 all
373 3709 500 3773 difficulty
517 3710 646 3761 vanishes.
773 3714 820 3762 533
836 3714 917 3762 minas
934 3712 1025 3763 Lamb.
1044 3718 1113 3764 most
1129 3713 1224 3776 rightly
1240 3714 1281 3762 101

72 3795 156 3856 magu
172 3792 256 3843 which
273 3793 346 3844 Wak„
367 3792 489 3856 absurdly
505 3793 568 3844 tries
591 3797 618 3844 to
640 3795 752 3857 explain.
851 3797 899 3844 535
920 3810 1008 3857 genere
1031 3796 1115 3845 Mar?
1148 3796 1221 3846 Junt.
1240 3795 1281 3845 101

73 3890 177 3939 ymera.
277 3874 324 3924 536
340 3875 414 3923 Sicut
428 3874 513 3924 Bentl.
525 3875 565 3923 101
577 3876 674 3925 Sicuti:
692 3890 724 3924 111
736 3876 856 3927 31611111.
868 3876 935 3926 have
946 3876 990 3927 the
1002 3891 1073 3927 same
1088 3892 1165 3927 error.
1198 3876 1280 3926 Lach-

73 3954 180 4007 mann's
193 3959 254 4006 note
269 3955 352 4006 ahawe
366 3955 411 4006 the
426 3959 530 4019 strange
545 3957 672 4021 tandenoy
683 3959 710 4007 01
726 3973 789 4009 mss.
804 3963 831 4009 10
845 3959 906 4010 read
922 3962 998 4010 sicuti
1013 3960 1184 4019 fornicatas
1201 3958 1279 4007 above

10 4068 13 4079 ι
73 4039 156 4089 veluti
172 4035 310 4086 tervolat:
328 4036 356 4084 in
371 4035 416 4086 the
430 4051 538 4100 passage
555 4037 588 4086 he
603 4041 693 4100 quotes
710 4039 777 4088 110111
794 4039 903 4090 Plautus
919 4040 975 4090 mil.
993 4042 1049 4099 727,
1066 4040 1087 4090 11
1104 4055 1163 4090 now
1174 4048 1282 4101 appears

75 4120 146 4170 from
157 4117 259 4168 Ritsohl
270 4117 329 4168 that
340 4117 385 4167 tha
395 4118 549 4168 Ambrosian
560 4119 712 4183 palimpseat
723 4120 771 4171 has
783 4120 879 4184 rightly
890 4124 970 4173 sicut:
988 4122 1039 4171 010.
1052 4123 1122 4172 Atat.
1136 4122 1182 4169 131
1191 4134 1225 4169 on
1236 4119 1281 4170 tha

73 4201 153 4252 other
166 4199 239 4251 haud
254 4199 333 4250 Orelli
347 4199 421 4250 reads
437 4201 591 4251 3101110111
606 4210 728 4265 captant:
746 4202 797 4254 Oia.
812 4203 844 4253 de
859 4208 954 4253 senact.
972 4204 1011 4261 11,
1027 4201 1127 4265 though
1144 4202 1188 4252 the
1202 4201 1280 4252 latest

74 4282 176 4334 editors
187 4281 248 4333 read
259 4281 304 4332 tha
315 4296 386 4332 verse
397 4282 426 4332 01
434 4281 539 4332 Ennius
551 4285 595 4333 Sic
606 4291 635 4332 at
641 4286 720 4347 fortia
732 4300 817 4348 equas,
830 4285 846 4333 5
858 4286 886 4335 01
895 4285 963 4335 their
974 4286 990 4336 6
1001 4299 1064 4334 msa.
1076 4283 1142 4334 have
1154 4285 1246 4333 Sicuti.

109 4363 428 4416 51110131111111.
442 4365 473 4414 31
490 4364 580 4415 Oamb.
596 4366 727 4416 10111111.
827 4366 876 4415 543
890 4367 963 4415 nulla
979 4363 1061 4415 added
1075 4364 1110 4427 by
1121 4363 1199 4413 Lach.
1233 4378 1283 4414 non

164 4465 199 4513 11
1176 4447 1194 4513 7
