2834 4792
260 342 346 428 quod
368 341 430 407 tibi
451 363 603 428 cogncoee
625 341 659 404 in
682 341 796 405 multis
817 341 881 405 erit
902 340 985 406 utile
1005 341 1104 406 rebus

260 467 319 510 nec
340 444 426 509 sinet
448 458 610 509 errantem
632 444 784 508 dubitare
805 458 841 509 et
862 466 1015 529 quaerere
1037 466 1165 530 semper

259 546 300 611 de
322 569 451 612 summa
471 569 579 610 rerum
601 560 637 611 et
657 546 778 610 uostris
799 545 943 612 diffidere
965 547 1069 612 dictis

262 667 464 719 eternorum
484 666 579 708 noers
599 666 653 707 asr
673 665 822 707 macrus
842 666 939 707 mass
959 666 1139 719 vacansque

258 748 345 834 quod
367 749 395 812 si
417 770 482 812 uon
504 762 598 823 esset,
619 745 710 810 nulla
731 745 857 810 ratione
879 745 1001 811 moveri

257 875 309 917 res
330 862 483 937 pooeent3
512 871 653 935 namque
674 849 818 913 officium
840 848 927 934 quod
948 848 1089 935 emporis
1110 857 1228 924 exstat,
1328 928 1331 933 Ι

256 955 380 1019 officere
402 964 501 1038 atque
523 952 660 1027 obstare,
681 951 716 1016 id
737 951 772 1014 in
793 951 882 1016 omni
903 960 1049 1037 tempore
1070 951 1197 1015 adesset

256 1058 426 1137 omnibus3
455 1057 542 1121 haud
564 1057 667 1143 igitur
688 1055 863 1141 quicquam
884 1055 1056 1141 prooedere
1077 1065 1194 1141 posset,

256 1163 449 1249 principium
473 1161 625 1247 quoniam
647 1160 783 1225 cedendi
805 1160 895 1224 nulla
916 1160 1009 1225 daret
1030 1182 1089 1225 rea

255 1279 289 1331 at
312 1288 398 1329 nunc
420 1288 478 1350 per
500 1265 602 1329 maria
622 1287 660 1328 ac
682 1278 785 1329 terras
805 1263 1008 1350 sublimaque
1030 1262 1112 1328 caeli

255 1370 359 1433 multa
381 1368 484 1432 modis
506 1368 619 1432 multis
641 1368 731 1432 varia
751 1367 877 1432 ratione
899 1367 1021 1431 moveri

254 1474 415 1537 cernimus
436 1485 513 1536 ante
536 1471 652 1547 oculos,
674 1495 766 1557 quae,
789 1472 817 1535 si
838 1494 903 1536 non
924 1481 1011 1536 esset
1031 1470 1138 1548 inane,

254 1599 318 1639 non
341 1584 409 1640 tam
432 1575 568 1639 sollicito
590 1584 681 1638 motu
705 1575 834 1660 privata
854 1584 1001 1639 carerent

254 1701 351 1763 quam
373 1678 486 1765 genita
507 1677 637 1742 omnino
659 1676 749 1740 nulla
771 1676 897 1741 ratione
919 1677 1066 1753 firiment,

253 1782 396 1867 undique
419 1781 571 1845 materies
593 1780 746 1866 quoniam
768 1780 891 1865 stipata
913 1779 1062 1864 quiesset.

253 1893 419 1970 praeterea
441 1883 588 1968 quamvis
610 1882 730 1947 solidae
753 1904 804 1946 res
826 1904 895 1946 esse
917 1891 1084 1968 putentur,

252 1989 326 2052 hinc
349 1998 459 2052 tamen
482 2009 550 2052 esse
572 1986 649 2051 lieet
670 2008 741 2051 raro
763 2007 837 2049 cum
859 2007 989 2071 corpore
1010 2006 1130 2053 cernas.

193 2073 199 2082 ’
252 2093 286 2156 in
308 2092 393 2156 saxis
415 2114 452 2155 ac
474 2091 635 2176 speluncis
657 2100 826 2175 permanat
848 2112 1007 2176 aquarum

251 2196 392 2281 liquidus
414 2218 506 2259 umor
528 2204 563 2259 et
586 2194 738 2258 uberibus
760 2194 840 2258 flent
862 2195 971 2259 omnia
991 2192 1105 2281 guttis

249 2301 385 2386 dissipat
406 2300 441 2363 in
463 2322 577 2385 corpus
599 2322 667 2364 sese
689 2299 780 2363 cibus
801 2321 897 2364 omne
918 2300 1131 2364 animantum

249 2413 396 2469 crescunt
418 2403 551 2467 arbusta
573 2411 607 2466 et
630 2402 716 2467 fetus
738 2402 772 2465 in
795 2410 940 2487 tempore
964 2402 1114 2479 fundunt,

248 2506 334 2594 quod
357 2501 448 2570 cibus
469 2506 504 2568 in
527 2515 613 2569 totas
635 2528 737 2591 usquc
760 2505 802 2569 ab
824 2505 987 2570 radicibus
1009 2504 1083 2569 imis

248 2634 305 2696 per
328 2619 457 2674 truncos
479 2633 516 2674 ac
539 2633 596 2695 per
618 2632 723 2674 ramos
745 2609 941 2674 diffunditur
962 2610 1074 2674 omnis

248 2717 333 2779 inter
355 2726 466 2800 saepta
488 2724 599 2780 meant
621 2737 713 2779 voces
735 2724 770 2779 et
791 2715 901 2779 clausa
922 2714 1090 2779 domorum

249 2818 487 2894 transvolitant,
508 2817 648 2905 rigidum
673 2828 842 2903 permanat
866 2818 969 2905 frigus
991 2818 1032 2883 ad
1056 2839 1135 2894 ossa,
1299 2834 1320 2899 3
1325 2833 1342 2900 5
1349 2833 1366 2900 5

248 2919 333 3007 quod
356 2920 418 2983 nisi
439 2920 549 2984 inania
571 2921 646 2997 sint,
669 2943 733 3006 qua
756 2921 880 3006 possint
904 2942 1035 3006 carpam
1058 2942 1206 3006 quaeque

159 3102 233 3145 notes
251 3096 281 3144 2:
306 3094 374 3156 ‘lege
389 3095 509 3144 videndc'
526 3095 610 3147 Bentl.
763 3096 914 3146 33485551.
932 3111 992 3158 says
1009 3096 1080 3146 ‘dela
1096 3097 1189 3159 vera.';
1212 3097 1265 3148 and
1280 3097 1365 3150 Lach.

159 3175 240 3226 shews
255 3176 314 3226 that
329 3190 403 3225 sense
418 3175 471 3225 and
485 3191 614 3238 grammar
627 3191 706 3239 prove
721 3177 777 3226 him
792 3183 819 3228 to
834 3177 865 3227 be
880 3176 957 3240 right.
992 3178 1101 3241 Spengel
1115 3178 1143 3228 in
1159 3178 1204 3228 the
1220 3179 1364 3231 Muenchn.

160 3259 215 3309 Gel.
229 3259 294 3307 Ana.
307 3258 359 3308 and
371 3258 458 3308 others
469 3257 502 3307 ‹io
514 3262 560 3308 not
571 3259 649 3309 mend
660 3259 704 3309 the
714 3262 809 3309 matter
820 3260 854 3323 by
864 3258 968 3322 placing
978 3259 999 3309 it
1010 3259 1077 3309 after
1088 3260 1144 3309 846.

207 3340 255 3391 347
273 3342 331 3391 licet
346 3340 418 3390 Nice.
436 3341 476 3389 ior
493 3343 587 3390 liceret.
709 3343 757 3392 349
767 3344 833 3404 flent
850 3341 919 3391 Nice.
932 3343 999 3405 fient
1014 3341 1073 3390 AB:
1097 3342 1146 3391 386
1157 3343 1219 3407 fiat.
1230 3345 1283 3407 flat
1299 3343 1363 3397 AB:

158 3425 206 3475 372
224 3425 298 3472 alunt
314 3423 375 3472 AB:
399 3423 447 3473 449
466 3425 549 3473 555555
568 3424 629 3474 AB:
656 3425 704 3474 580
723 3427 823 3474 cineam
841 3424 903 3475 AB:
928 3423 983 3474 this
1001 3424 1138 3474 mniusion
1157 3424 1187 3475 ol
1207 3426 1218 3474 7
1235 3425 1289 3475 and
1306 3428 1320 3476 i
1338 3424 1363 3476 is

157 3504 298 3569 perpetual.
339 3505 371 3553 In
388 3504 432 3554 the
449 3504 526 3553 small
541 3504 643 3554 Roman
659 3506 761 3568 capital,
781 3506 810 3555 oi
825 3505 869 3555 the
885 3505 1017 3556 Medicean
1034 3505 1063 3556 oi
1077 3505 1158 3568 Virgil
1174 3506 1215 3556 for
1229 3506 1360 3569 instance,

156 3588 184 3637 in
204 3586 288 3637 which
309 3601 379 3637 some
398 3590 517 3636 ancestor
536 3588 564 3637 of
581 3602 629 3638 our
647 3603 709 3637 mss.
729 3592 799 3638 must
819 3588 884 3638 have
902 3588 967 3638 been
986 3589 1096 3650 written,
1118 3588 1191 3638 these
1208 3588 1298 3638 letters
1317 3603 1363 3640 are

158 3669 229 3719 often
246 3667 506 3731 undietinguishable.
596 3669 644 3720 355
657 3673 755 3734 possint
772 3670 821 3720 Ed.
838 3671 878 3721 ier
890 3678 1006 3734 possent:
1030 3670 1063 3733 hy
1073 3669 1204 3733 changing
1219 3669 1264 3720 the
1280 3684 1362 3734 punc-

156 3750 258 3801 tuation
275 3751 303 3800 of
318 3753 365 3802 357
382 3750 395 3799 Ι
411 3750 477 3800 have
495 3751 569 3801 made
586 3751 631 3801 the
648 3756 767 3802 sentence
784 3753 854 3813 quite
870 3752 952 3815 plain.
995 3751 1098 3813 Madvig
1113 3750 1215 3802 emend.
1232 3751 1362 3803 Livianae

156 3848 181 3895 p.
201 3833 249 3881 302
266 3846 293 3881 n.
312 3838 318 3860 ⁶
323 3847 419 3895 possem
432 3835 534 3895 555555,
548 3841 632 3896 poscet
645 3836 727 3895 poerit
743 3838 865 3896 perpetuo
881 3848 966 3883 errore
982 3836 1163 3896 permutantur
1170 3832 1185 3892 '‚
1202 3822 1256 3883 and
1272 3847 1298 3896 p.
1310 3834 1363 3884 550

157 3924 277 3980 ί5555555.
312 3913 475 3964 scribentium
493 3917 600 3978 possint.
634 3929 687 3964 non
707 3915 840 3965 aberratur
858 3915 917 3977 iere,
940 3919 969 3965 ut
989 3929 1065 3978 saepe
1083 3913 1145 3973 diri,
1165 3913 1217 3963 nisi
1237 3914 1283 3965 ubi
1304 3929 1361 3966 una

155 3997 242 4048 littera
257 3997 355 4047 formae
371 3994 485 4054 distant3
505 4004 568 4046 esset
582 4011 629 4059 pro
644 4000 679 4046 eit
694 3996 819 4059 scriptum
835 4010 888 4046 non
904 3996 1037 4058 reperias’.
1073 3995 1119 4046 See
1134 3997 1196 4055 2073
1214 3995 1267 4046 and
1278 3995 1369 4048 below·

154 4082 202 4131 593
214 4080 262 4131 597
272 4077 326 4129 and
337 4077 393 4136 645,
405 4077 433 4125 in
449 4077 485 4126 all
499 4076 584 4127 which
599 4079 686 4140 placas
702 4077 715 4126 1
730 4076 795 4126 have
809 4077 912 4127 written
925 4080 1024 4140 poesim
1039 4078 1079 4127 lor
1091 4084 1200 4140 possent.
1234 4076 1361 4130 whether

154 4160 217 4211 with
232 4160 307 4210 Pont.
320 4158 393 4210 Junt.
407 4158 497 4208 Lamb.
512 4158 592 4210 Lech.
606 4162 654 4208 etc.
672 4173 724 4220 you
738 4161 881 4220 punctuate
897 4160 969 4220 Quod
983 4174 1007 4210 5.
1026 4161 1046 4208 i.
1060 4161 1121 4221 rint,
1139 4174 1163 4222 q.
1175 4167 1279 4221 potarat
1294 4175 1315 4210 5.
1332 4176 1359 4226 q.

156 4243 275 4291 Transire
288 4241 310 4290 5.
326 4254 351 4287 5.
359 4239 383 4301 s.
394 4254 415 4288 r.
430 4254 465 4297 5.,
477 4253 507 4288 or
517 4237 580 4288 with
596 4237 648 4288 Gil.
661 4238 756 4288 Greech
767 4238 841 4287 Wak.
854 4242 901 4289 etc.
915 4240 994 4301 Quod,
1008 4254 1033 4290 5,
1047 4241 1065 4289 i.
1080 4254 1101 4287 5.
1113 4254 1137 4302 g.
1149 4253 1179 4302 p.
1191 4253 1211 4290 5.
1226 4255 1251 4302 q.
1264 4240 1358 4290 Tram-

153 4327 199 4380 555,
213 4324 237 4371 h.
249 4336 274 4373 5.
289 4321 313 4383 s.
328 4335 350 4369 r.
362 4335 395 4381 5.,
409 4318 437 4369 in
453 4319 535 4369 either
551 4334 608 4370 case
621 4333 673 4383 you
688 4323 731 4383 get
747 4318 839 4382 hardly
848 4334 979 4382 gramnm
995 4334 1024 4369 or
1041 4333 1130 4370 sense:
1152 4319 1182 4369 iu
1198 4320 1247 4372 357
1262 4320 1286 4370 Β
1302 4323 1358 4373 and
