2834 4792
684 227 733 291 VI

175 402 214 458 ut
236 415 292 458 vas
314 391 476 457 interdum
498 413 562 454 non
584 388 657 475 quit
680 396 834 463 constare,
856 386 919 450 nisi
941 408 1035 450 umor
1232 400 1291 468 555

174 497 303 562 destitit
325 495 481 560 indubio
503 495 605 558 fluctu
628 492 777 556 iactarier
798 492 895 556 intus.

218 600 388 663 Praeterea
410 606 526 661 ventus
543 580 622 660 'cum
644 616 701 680 per
723 594 792 658 loca
813 592 953 658 subcava
973 600 1078 658 terrae

175 704 327 768 collectus
348 710 441 788 parte
464 724 502 766 ex
526 722 592 763 una
612 698 797 784 procumbit
819 706 853 763 et
875 707 970 784 urget

175 807 311 872 obnixus
332 805 458 890 magnis
480 805 648 890 speluncas
670 802 792 867 viribus
814 804 905 880 altas,

174 911 333 976 incumbit
355 910 453 975 tellus
475 932 539 995 quo
562 907 651 972 venti
673 930 772 992 prona
794 907 913 992 premit
936 908 991 974 vie.
1232 909 1295 989 560

178 1024 250 1080 tum
273 1037 388 1100 supera
410 1022 529 1078 terram
552 1035 635 1098 quae
659 1020 736 1076 sunt
759 1020 908 1075 extructa
929 1012 1097 1077 domorum

176 1119 218 1182 ad
241 1118 428 1203 caelumque
451 1117 556 1206 magis
579 1124 701 1201 quanto
724 1124 800 1180 sunt
824 1115 912 1180 edita
934 1138 1089 1201 quaeque,

177 1223 332 1287 inclinata
353 1229 479 1288 tament
502 1220 536 1284 in
559 1220 694 1285 eandem
717 1219 845 1304 prodita
866 1229 992 1305 partem
1046 1203 1049 1210 ¹
1074 1205 1077 1209 ⁴

175 1337 420 1413 protractaeque
443 1325 551 1389 trabes
573 1324 751 1409 inpendent
774 1324 820 1387 ire
843 1332 982 1408 paratae.

177 1444 210 1497 et
233 1438 385 1495 metuunt
408 1428 518 1515 magni
540 1437 690 1492 naturam
714 1427 841 1491 credere
865 1427 978 1491 mundi

177 1534 307 1600 exitiale
328 1533 457 1618 aliquod
480 1541 610 1617 tempus
632 1530 820 1616 clademque
843 1552 981 1607 manere,

176 1660 251 1701 cum
274 1637 406 1701 videant
428 1644 554 1700 tantam
577 1643 735 1699 terrarum
759 1633 944 1697 incumbere
967 1632 1102 1696 molem!

177 1739 347 1826 quodnisi
370 1739 528 1823 respirent
551 1736 651 1812 venti,
675 1737 722 1800 vis
744 1736 834 1800 nulla
855 1736 995 1801 refrenet

178 1865 227 1907 res
249 1865 354 1928 neque
377 1841 418 1905 ab
441 1840 540 1905 exitio
562 1840 663 1925 possit
686 1838 918 1924 reprehendere
941 1838 1057 1904 euntis.

177 1969 263 2011 nunc
286 1947 361 2031 quia
382 1945 542 2030 respirant
564 1944 696 2008 alternis
718 1943 1030 2028 inque-gravescunt

178 2055 211 2111 et
234 2046 325 2132 quasi
348 2045 473 2110 collecti
495 2045 632 2109 redeunt
655 2044 839 2128 ceduntque
861 2043 990 2127 repulsi,

181 2150 307 2234 saepius
330 2149 413 2213 hanc
435 2148 476 2212 ob
498 2171 566 2213 rem
589 2148 764 2212 minitatur
785 2156 872 2211 terra
893 2147 1002 2211 ruinas

181 2275 278 2338 quam
301 2253 396 2330 facit3
425 2250 601 2316 inclinatur
623 2251 711 2315 enim
733 2259 883 2335 retroque
907 2250 1029 2315 recellit

180 2366 214 2421 et
236 2356 350 2441 recipit
373 2355 520 2440 prolapsa
542 2377 616 2419 suas
639 2355 673 2418 in
696 2355 835 2439 pondere
858 2355 957 2419 sedes.

180 2461 239 2524 hac
261 2459 364 2546 igitur
384 2460 509 2524 ratione
532 2458 684 2522 vacillant
707 2458 815 2522 omnia
837 2467 932 2535 tecta,
1238 2474 1295 2541 575

180 2584 307 2626 summa
328 2562 430 2646 magis
452 2561 576 2636 mediis,
599 2560 706 2624 media
727 2560 809 2637 imis,
833 2560 899 2624 ima
921 2561 1088 2644 perhilum.

225 2666 283 2730 Est
306 2666 384 2730 haec
407 2665 550 2730 eiusdem
574 2686 701 2750 quoque
724 2664 834 2750 magni
856 2654 952 2728 causa
974 2665 1128 2740 tremoris,

180 2777 296 2832 ventus
318 2767 376 2832 ubi
398 2776 496 2853 atque
519 2767 646 2831 animae
668 2766 777 2830 subito
800 2766 849 2830 vis
870 2766 1012 2830 maxima
1034 2766 1192 2852 quaedam

180 2884 238 2939 aut
260 2874 458 2938 extrinsecus
480 2882 538 2938 aut
560 2873 631 2958 ipsa
652 2871 769 2936 tellure
791 2881 899 2936 coorta

181 2979 215 3042 in
237 2978 306 3042 loca
327 3000 361 3042 se
383 3001 462 3042 cava
483 2977 582 3042 terrai
604 2976 740 3041 coniecit
763 2976 873 3060 ibique
1048 2967 1050 2973 ’
1238 2979 1300 3057 580

181 3080 349 3164 speluncas
371 3080 457 3144 inter
478 3101 611 3176 magnas
633 3079 743 3142 fremit
765 3087 841 3142 ante
864 3078 1010 3179 tumultu

180 3183 439 3268 versabundaqnc
460 3190 616 3268 portatur,
638 3190 712 3267 post
733 3181 834 3245 incita
856 3203 929 3244 cum
953 3181 1001 3244 vis

128 3403 176 3451 555
188 3403 256 3450 inter
266 3402 324 3450 dam
334 3399 414 3450 Lach.
426 3401 467 3450 ior
478 3402 552 3449 inter.
587 3402 617 3448 in
629 3408 697 3449 terra
708 3400 772 3450 Mar.
787 3398 843 3450 Ald.
859 3400 872 3447 1
885 3401 901 3448 J
902 3403 958 3448 unt.
970 3400 1039 3462 vulg.
1052 3399 1165 3463 perhaps
1176 3399 1282 3462 rightly.

130 3484 178 3532 563
199 3484 330 3532 Inclitrata
348 3488 440 3530 tament
456 3480 506 3530 Ed.
523 3480 586 3530 with
610 3480 669 3529 Vat.
687 3480 751 3531 3276
774 3480 815 3529 ior
837 3483 968 3530 Inclinato
991 3483 1100 3530 minent:
1126 3481 1171 3530 ths
1195 3489 1223 3530 ta
1247 3494 1299 3530 was

129 3563 220 3613 sorbed
230 3563 264 3625 by
275 3561 319 3611 the
329 3561 466 3625 preceding
478 3569 505 3611 ta
517 3562 569 3611 and
580 3560 644 3611 then
656 3569 722 3610 rncnt
733 3561 824 3623 passed
835 3561 892 3610 into
903 3564 1011 3611 minent:
1025 3561 1069 3610 the
1078 3561 1180 3610 Verona
1191 3560 1299 3624 palimp·
1326 3560 1328 3564 '

128 3649 148 3695 st
160 3645 189 3695 oi
197 3645 286 3694 Lucan
297 3660 313 3693 v
325 3643 372 3693 160
383 3643 432 3692 has
442 3647 638 3693 consaltamnlta
650 3642 690 3693 ihr
701 3626 814 3693 comalta
826 3646 948 3694 tantalta:
966 3658 1049 3705 comp.
1063 3644 1127 3694 1195
1139 3651 1209 3693 tenta
1220 3646 1301 3693 nebat

137 3743 199 3779 mss.
214 3728 255 3776 ior
271 3735 341 3776 tenta
359 3725 540 3785 tantitatem
557 3742 573 3775 v
590 3727 654 3777 1409
670 3743 768 3777 servare
784 3742 860 3788 genna
876 3729 915 3776 lor
929 3743 1029 3777 seruare
1042 3742 1135 3777 recena.
1168 3729 1300 3776 Inclinato

128 3818 180 3860 eant
191 3810 271 3859 Lach.
305 3811 397 3858 abeant
412 3809 489 3858 Bern.
523 3812 622 3859 minant
639 3810 708 3858 Flor.
725 3811 756 3858 31
773 3809 863 3859 (lamb.
876 3810 940 3860 Mar.
955 3810 1012 3859 Ald.
1027 3811 1143 3860 liunt:
1161 3824 1202 3860 see
1220 3809 1300 3859 Prisc.

128 3896 157 3942 st.
170 3892 278 3941 v11129:
293 3890 307 3938 1
324 3890 437 3952 Wrongly
453 3889 514 3939 read
531 3895 661 3940 minantur
677 3892 706 3939 in
724 3892 800 3940 small
817 3891 857 3940 ed.
891 3895 985 3942 micant
997 3891 1060 3941 Pius
1070 3893 1099 3940 in
1111 3895 1175 3944 text.
1209 3892 1301 3942 Lamb.

128 3974 193 4024 tains
209 3976 312 4024 minent.
347 3974 381 4022 At
404 3973 449 4022 the
472 3972 523 4022 end
540 3974 567 4023 oi
589 3972 643 4023 this
660 3988 731 4023 verse
747 3975 770 4023 A
786 3973 839 4024 aud
854 3975 925 4023 Nice.
943 3973 1008 4024 have
1025 3989 1047 4025 a
1067 3990 1092 4024 a.
1110 3989 1134 4036 q.
1154 3990 1180 4036 q.
1213 3974 1301 4024 Bhas

128 4072 188 4118 'aeq
200 4053 284 4103 which
299 4055 377 4104 Bern.
388 4054 467 4118 praei.
482 4069 508 4116 p.
521 4069 554 4104 1¹1
565 4055 656 4104 thinks
668 4070 683 4104 a
694 4070 764 4106 mere
775 4055 913 4117 repetition
924 4056 953 4104 of
962 4055 1007 4105 the
1018 4056 1069 4105 end
1080 4056 1108 4105 oi
1117 4056 1173 4114 562,
1186 4057 1208 4105 A
1219 4055 1300 4105 intro·

128 4137 193 4200 ming
209 4151 226 4186 a
243 4135 342 4186 further
358 4136 524 4200 corruption:
542 4136 589 4186 but
606 4138 677 4186 Nico.
690 4152 781 4199 proves
798 4137 856 4187 that
873 4138 919 4186 the
935 4136 1073 4200 archetype
1087 4137 1181 4199 agreed
1195 4137 1258 4188 with
1269 4138 1300 4197 A,

128 4217 186 4267 ›tB.
286 4217 422 4275 56855155,
434 4221 557 4268 visualia
569 4218 636 4269 Mar.
650 4217 724 4267 Walr.
737 4219 960 4268 ferventisnalla.
980 4252 982 4256 ι
1059 4218 1106 4270 574
1122 4218 1301 4281 inpendens

128 4298 251 4360 lccsvulg.
263 4297 366 4362 rightly.
402 4302 430 4348 in
438 4300 586 4363 ponderali
601 4299 713 4349 Turneb.
725 4298 804 4350 Lach.
841 4299 897 4349 The
911 4314 1031 4362 passages
1042 4301 1056 4350 1
1067 4304 1145 4362 quote
1159 4301 1187 4349 in
1199 4303 1300 4350 notes2

128 4382 240 4446 llprovs
250 4381 308 4431 that
322 4381 433 4432 Turneb.
447 4382 499 4432 and
512 4382 592 4433 Lech.
606 4397 648 4432 are
664 4383 735 4444 quite
749 4382 879 4433 mistalren
895 4382 924 4431 in
939 4383 1081 4446 supposing
1096 4383 1156 4434 that
1170 4383 1217 4433 the
1232 4384 1298 4446 sing.
