2834 4792
110 200 176 281 256
692 198 741 264 VI

240 358 313 424 Hoc
335 357 436 424 etiam
458 366 555 444 pacto
576 357 701 422 tonitru
723 378 876 423 concussa
898 356 1053 423 videntur

195 460 305 526 omnia
327 481 423 546 saepe
445 459 537 548 gravi
560 469 699 524 tremere
722 470 756 526 et
778 459 900 525 divolsa
921 470 1055 546 repente

196 564 340 628 maxima
360 562 539 628 dissiluisse
561 563 687 648 capacis
708 563 837 628 moenia
857 563 982 640 mundi,

194 690 269 734 cum
293 667 402 733 subito
424 666 523 731 validi
544 667 636 731 venti
658 666 804 731 conlecta
824 667 964 752 procella

194 771 337 836 nubibus
359 769 489 834 intorsit
511 792 580 834 sese
603 769 815 854 conclusaque
837 769 959 834 ibidem

194 874 326 939 turbine
349 873 492 938 versanti
514 871 618 960 magis
640 894 678 937 ac
700 873 805 960 magis
826 873 971 959 undique
993 873 1114 939 nubem

193 978 280 1064 cogit
303 979 353 1042 uti
376 977 435 1042 fiat
457 977 559 1063 spisso
581 998 660 1041 cava
681 998 811 1063 corpore
833 976 961 1053 circum,

196 1090 269 1167 post
293 1081 350 1145 ubi
373 1079 554 1146 conminuit
575 1079 625 1144 vis
647 1078 718 1144 eius
740 1088 773 1144 et
795 1079 939 1165 impetus
960 1101 1042 1157 acer,

194 1194 267 1250 tum
291 1183 522 1270 perterricrepo
543 1184 652 1248 sonitu
674 1183 732 1248 dat
754 1183 853 1248 scissa
874 1184 1040 1271 fragorem.

195 1311 254 1353 nec
278 1289 404 1366 mirum,
427 1310 501 1353 cum
525 1287 620 1374 plena
641 1288 768 1353 animae
791 1288 955 1353 vensicula
976 1311 1075 1373 parva

195 1413 290 1477 saepe
314 1391 361 1455 ita
383 1392 441 1456 dat
463 1401 592 1456 torvum
615 1390 758 1455 sonitum
781 1390 921 1476 displosa
942 1399 1084 1477 repente.

239 1495 298 1560 Est
321 1494 421 1559 etiam
442 1494 534 1571 ratio,
556 1516 629 1558 cum
653 1493 743 1559 venti
765 1494 879 1559 nubila
900 1495 1049 1580 perfiant,

195 1606 233 1663 ut
255 1598 380 1663 sonitus
403 1597 531 1662 faciant.
561 1597 682 1663 etenim
705 1619 830 1662 ramosa
852 1596 999 1661 videmus

195 1701 308 1766 nubila
329 1721 425 1786 saepe
447 1699 551 1764 modis
572 1699 684 1764 multis
706 1708 806 1786 atque
828 1722 944 1786 aspera
966 1700 1058 1779 ferri;

195 1804 318 1869 scilicet
341 1813 387 1878 ut,
410 1801 553 1868 crebram
577 1803 693 1866 silvam
716 1825 790 1868 cnm
813 1803 946 1867 flamina
968 1803 1056 1868 cauri

193 1907 340 1994 perflant,
361 1907 442 1971 dant
463 1905 606 1969 sonitum
629 1904 756 1970 frondes
778 1906 924 1992 ramique
947 1906 1112 1991 fragorem.

194 2011 232 2075 fit
255 2033 382 2097 quoque
404 2018 443 2075 ut
465 2009 629 2074 interdum
653 2007 751 2074 validi
774 2009 823 2073 vis
845 2009 947 2074 incita
969 2008 1059 2073 venti

193 2114 377 2202 perscindat
399 2114 519 2179 nubem
543 2113 744 2199 perfringens
765 2113 888 2199 impete
909 2121 1005 2178 recto.

194 2241 269 2282 nam
293 2218 371 2305 quid
395 2217 496 2303 possit
519 2217 565 2281 ibi
587 2218 684 2282 flatus
707 2218 880 2282 manifesta
900 2217 995 2282 docet
1017 2238 1077 2292 res,

192 2321 254 2398 hic,
276 2321 333 2387 ubi
356 2321 458 2386 lenior
480 2330 537 2399 est,
561 2321 595 2385 in
618 2330 704 2386 terra
727 2344 801 2387 cum
824 2331 935 2388 tamen
957 2323 1025 2388 alta

194 2425 327 2489 arbusta
349 2424 498 2489 evolvens
520 2424 681 2489 radicibus
704 2425 813 2490 haurit
835 2425 876 2489 ab
899 2426 980 2490 imis.

194 2536 271 2592 sunt
294 2528 393 2592 etiam
417 2527 535 2591 fluctus
557 2550 615 2613 per
637 2528 757 2604 nubila,
780 2529 837 2613 qui
860 2529 952 2614 quasi
977 2550 1121 2592 murmur

194 2629 274 2694 dant
297 2630 331 2694 in
356 2630 530 2716 frangendo
551 2630 710 2714 graviter;
740 2631 826 2716 quod
847 2631 928 2696 item
951 2631 988 2696 fit
1011 2632 1045 2695 in
1067 2632 1143 2696 altis

194 2733 382 2798 fluminibus
406 2756 585 2820 magnoque
608 2734 697 2810 mari,
720 2757 794 2799 cum
818 2736 978 2820 frangitur
999 2746 1115 2800 aestus.

194 2839 232 2902 fit
255 2860 391 2923 quoque,
414 2838 471 2902 ubi
494 2860 511 2902 e
533 2837 613 2902 nubi
637 2837 670 2901 in
693 2838 814 2902 nubem
837 2839 886 2904 vis
908 2840 1022 2905 incidit
1045 2841 1161 2905 ardeus
1253 2859 1308 2921 145

194 2941 346 3017 fulminiS,
370 2941 448 3004 haec
470 2941 574 3004 multo
596 2941 624 3004 si
647 2941 727 3005 forte
751 2964 861 3006 umore
887 2943 1009 3028 recepit

192 3044 308 3129 ignem,
331 3044 485 3107 continuo
507 3051 542 3108 ut
564 3065 680 3128 magno
703 3043 839 3108 clamore
863 3046 1022 3125 trucidet;

194 3154 232 3210 ut
255 3145 367 3209 calidis
390 3145 528 3209 candens
552 3145 670 3209 ferrum
694 3168 712 3210 e
735 3146 915 3210 fornacibus
938 3146 1013 3210 olim

106 3358 160 3409 and
176 3361 200 3407 3.
235 3357 270 3406 Is.
282 3358 354 3408 Voss.
367 3361 410 3407 too
428 3357 480 3407 and
497 3357 592 3407 Creech
608 3358 692 3419 prefer
708 3361 830 3409 eximunt.
865 3361 954 3409 eciem
971 3360 1040 3409 Flor.
1058 3361 1089 3409 81
1107 3360 1197 3412 Gamb.
1217 3363 1232 3410 3
1250 3362 1309 3412 Vat.

107 3440 165 3490 Ald.
179 3442 192 3488 1
205 3440 278 3489 Junt.
290 3439 382 3489 hamb.
416 3442 525 3489 exierint
536 3439 607 3489 Brix.
619 3440 677 3489 Ver.
689 3441 753 3489 Ven.
767 3440 833 3490 Mar.
841 3459 848 3501 ;
865 3440 912 3490 but
927 3444 1019 3492 ecter‘it
1035 3442 1100 3492 Mar.
1113 3457 1153 3504 ap.
1168 3443 1266 3495 Victor.
1281 3446 1309 3494 in

107 3521 225 3572 ed.Ven.
324 3523 371 3569 124
382 3523 531 3571 concollecta
542 3522 593 3573 AB.
628 3523 820 3572 conlectaNicc.
833 3523 902 3575 Brix.
939 3526 1152 3574 collectoAcorr.
1165 3525 1255 3576 Gamb.

140 3606 188 3655 128
204 3606 349 3654 cmrmincit.
384 3606 512 3654 commovit
531 3604 554 3652 A
574 3618 638 3656 corr.
658 3603 727 3653 Flor.
745 3606 776 3652 31
794 3605 882 3655 camb.
903 3605 973 3655 Mon.
991 3606 1061 3656 Brix.
1080 3606 1138 3657 Ver.
1156 3606 1221 3657 Ven.
1239 3610 1306 3672 vulg.

105 3685 191 3735 before
202 3684 282 3735 Lach.
410 3686 457 3735 129
467 3686 545 3734 actam
556 3685 633 3734 Bern.
645 3685 685 3734 for
695 3687 779 3734 missa.
806 3688 871 3748 fissa
883 3686 977 3737 Lech:
995 3688 1015 3737 it
1027 3688 1050 3737 is
1061 3689 1157 3751 clearly
1168 3690 1214 3740 the
1224 3693 1307 3750 autu,

105 3770 153 3816 not
168 3766 213 3816 the
225 3767 345 3829 procella,
360 3765 444 3815 which
460 3765 484 3814 is
500 3765 561 3814 here
578 3765 675 3828 spoken
692 3765 729 3825 of3
747 3766 848 3830 though
864 3768 900 3818 all
916 3768 1012 3818 editors
1028 3769 1114 3819 before
1131 3771 1211 3822 Laoh.
1224 3772 1307 3823 retain

105 3852 190 3906 mirra,
199 3847 283 3898 which
295 3847 393 3897 Isidore
405 3851 448 3897 too
460 3847 522 3909 orig.
534 3861 584 3895 rm
596 3850 611 3897 8
622 3853 693 3898 must
704 3848 770 3898 have
782 3849 856 3901 read:
873 3850 918 3900 the
929 3851 1079 3914 corruption
1095 3853 1221 3904 therefore
1236 3860 1308 3904 must

103 3932 135 3982 be
146 3931 197 3981 old.
297 3931 344 3981 181
357 3938 454 3980 torvum
463 3930 512 3981 Ed.
527 3930 567 3980 lor
575 3946 690 3994 paruum.
724 3946 841 3994 mgnum
852 3932 887 3982 Is.
899 3933 973 3982 Voss.
985 3933 1013 3982 in
1024 3937 1156 3984 monotes
1166 3935 1220 3986 and
1230 3936 1304 3988 Wak.

102 4015 202 4076 pariter
218 4013 283 4062 Mar.
302 4013 377 4064 Junt.
400 4011 490 4063 Iramb.
509 4016 557 4063 etc.
594 4014 673 4076 Saepe
691 4015 732 4062 det
750 4015 813 4063 huot
825 4030 933 4078 paruum
949 4015 1030 4065 Lech.
1062 4017 1152 4066 Noenu
1168 4019 1208 4067 ita
1225 4020 1266 4069 det
1281 4036 1306 4083 p.

104 4095 197 4146 Rern:
215 4095 262 4144 but
274 4109 315 4144 sec
326 4098 400 4144 notes
411 4096 435 4143 2.
535 4095 582 4143 132
593 4094 646 4144 and
658 4096 704 4146 136
712 4100 823 4160 perflant
833 4098 856 4146 A
867 4112 931 4147 corr.
944 4097 1012 4151 Nico.
1028 4099 1068 4149 for
1075 4101 1195 4163 perfiant.

138 4177 185 4225 133
207 4178 247 4227 Ut.
287 4175 440 4228 OurLamb.
454 4175 577 4239 wrongly.
686 4178 732 4226 141
748 4181 858 4228 Arbruta
870 4181 1088 4231 evolveasdcorr.
1102 4180 1171 4233 Flor.
1186 4183 1217 4232 31
1229 4181 1307 4233 Pont.

104 4259 169 4309 Mar.
182 4259 222 4308 for
233 4261 343 4309 Artrtatc
353 4262 460 4309 voluens.
493 4261 599 4309 Arbuatc
609 4260 708 4309 volvens
720 4259 790 4310 Nico.
803 4261 890 4312 (lamb.
1029 4265 1077 4313 144
1093 4272 1176 4314 aestua
1192 4266 1263 4316 Flor.
1276 4267 1306 4316 31

104 4339 195 4389 Gamb.
206 4342 254 4389 etc.
266 4340 306 4388 for
322 4347 382 4390 acet.
417 4348 486 4390 caetu
497 4340 520 4388 A
530 4354 593 4390 corr.
608 4339 679 4391 Nice.
691 4340 763 4390 Mon.
775 4339 833 4391 Ver.
848 4339 912 4391 Ven.
924 4343 992 4405 vulg.
1115 4347 1162 4397 147
1178 4353 1208 4395 ut
1225 4346 1308 4398 added
