2834 4792
723 203 773 271 vt

231 367 356 432 fumida
375 389 450 432 eum
470 367 552 432 meli
571 367 746 433 smntillare
765 369 872 434 omnia
893 371 1016 457 templa

231 482 399 536 cernentes
419 471 538 558 pavida
557 472 761 558 eomplebant
780 483 911 560 pectora
930 497 1015 552 eura,
1267 457 1368 536 648

231 575 310 661 quid
330 575 499 639 moliretur
519 596 627 639 rerum
647 586 765 640 natura
784 598 946 643 novarum

275 678 374 743 Hisoe
395 679 458 743 tibi
479 678 515 742 in
535 679 632 744 rebus
653 680 750 744 latest
770 680 899 767 alteque
920 682 1096 748 videndum

230 796 266 849 et
287 784 382 871 longe
403 794 536 848 cunctas
556 783 591 847 in
612 783 714 869 partis
734 783 977 870 dispiciendum,

230 900 270 952 ut
290 888 504 952 reminiscaris
524 909 685 950 summam
705 910 813 952 rerum
835 911 903 954 esse
924 890 1113 975 prosumdam

228 1003 264 1056 et
285 990 396 1055 videas
415 990 539 1054 eaelum
561 990 699 1054 summai
720 991 822 1055 totius
843 1015 945 1055 uuum
1271 976 1385 1058 550

227 1116 326 1180 quam
348 1093 392 1158 sit
414 1092 548 1178 parvula
567 1114 642 1177 pars
662 1104 697 1156 et
717 1115 817 1176 quam
838 1094 1022 1159 multesima
1041 1104 1175 1173 constet,

228 1220 289 1262 nec
310 1208 380 1262 tota
401 1219 484 1282 pars,
504 1196 600 1260 bomo
621 1196 717 1260 terrai
737 1205 836 1283 quota
857 1198 959 1262 totins
979 1221 1070 1264 unus

225 1301 314 1388 quod
334 1301 417 1365 bene
439 1299 636 1384 propositum
658 1300 686 1363 si
707 1301 801 1385 plane
822 1312 992 1368 eontueare

224 1428 264 1469 ac
286 1404 396 1469 videas
417 1406 521 1491 plane,
543 1404 652 1468 mirari
673 1405 778 1469 multa
799 1407 967 1492 relinquas

226 1511 380 1595 numquis
401 1510 487 1574 enim
510 1518 655 1573 nostrum
678 1511 814 1573 miratur
834 1510 935 1594 siquis
956 1492 992 1574 iu
1011 1518 1104 1575 artus
1272 1506 1349 1592 65
1366 1497 1377 1564 5

224 1615 349 1699 aooepit
372 1613 476 1679 calido
497 1614 612 1678 febrim
635 1613 757 1678 fervore
777 1624 918 1679 eoortam

223 1728 283 1781 aut
305 1717 405 1781 alium
428 1718 574 1803 quemvis
596 1716 698 1781 morbi
719 1737 777 1801 per
798 1716 942 1781 membra
962 1717 1127 1782 dolorem?

224 1821 423 1906 opturgescit
445 1821 532 1884 enim
554 1820 662 1884 subito
683 1842 748 1905 pes„
770 1820 885 1905 arripit
905 1843 978 1885 aeer

220 1944 318 2008 saepe
341 1923 431 1988 dolor
451 1922 575 1998 dentes,
595 1923 703 1987 oculos
725 1923 851 1988 invadit
872 1924 907 1987 in
929 1923 1024 2009 ipsos,

223 2027 337 2091 existit
358 2048 447 2090 sacer
468 2026 554 2112 ignis
575 2036 609 2090 et
631 2027 698 2090 urit
719 2048 848 2111 corpore
870 2048 1000 2112 serpens
1274 2017 1397 2092 ὁδῶ

223 2153 460 2216 quamcumque
481 2131 618 2215 arripuit
640 2130 767 2216 partim,
789 2131 937 2216 repitque
958 2152 1016 2216 per
1036 2138 1135 2208 artus,

222 2235 376 2298 nimirum
400 2235 476 2320 quia
497 2244 575 2298 sunt
597 2235 771 2298 multarum
794 2235 918 2299 semina
937 2257 1054 2311 rerum,

221 2350 257 2403 et
280 2340 359 2402 satis
380 2338 459 2402 haec
481 2337 578 2402 tellus
600 2338 693 2403 nobis
713 2338 901 2424 caelumque
924 2338 1001 2402 mali
1023 2339 1093 2416 sert,

223 2444 309 2509 unde
332 2453 430 2529 queat
453 2443 501 2506 tis
523 2444 673 2507 immensi
695 2465 895 2528 procrescere
917 2443 1029 2510 morbi.

220 2549 268 2611 sic
291 2547 392 2630 igitur
414 2546 475 2609 toti
498 2546 585 2609 caelo
608 2558 774 2631 terraeque
797 2546 1011 2630 putandumst
1319 2533 1415 2628 fi

219 2673 261 2715 ex
285 2650 413 2713 infinito
435 2650 514 2712 satis
536 2649 644 2712 omnia
665 2648 881 2733 suppeditare,

222 2750 308 2816 unde
330 2761 463 2836 repente
486 2760 585 2836 queat
608 2750 705 2815 tellus
727 2773 878 2815 concussa
900 2750 1020 2815 moveri

220 2876 341 2939 perque
365 2876 451 2917 mare
473 2876 510 2916 ac
533 2864 635 2917 terras
656 2854 788 2938 rapidus
809 2875 992 2939 percurrere
1015 2852 1120 2931 turbo,

220 2957 305 3042 ignis
327 2957 491 3020 abundare
516 2958 688 3033 Aetnaeus,
709 2957 926 3022 flammescere
948 2958 1090 3036 eaelum3

220 3059 254 3123 id
276 3081 403 3145 quoque
426 3060 513 3123 euim
535 3060 574 3123 fit
596 3071 630 3125 et
653 3061 824 3125 ardescunt
846 3060 997 3125 caelestia
1017 3060 1149 3146 templa,
1275 3065 1340 3144 670

218 3173 253 3227 et
276 3172 487 3248 tempestates
509 3163 637 3248 pluviae
659 3164 804 3249 graviore
826 3173 936 3227 ooortu

217 3278 304 3343 sunt,
327 3268 383 3331 ubi
406 3269 486 3332 forte
509 3267 557 3331 ita
578 3290 612 3331 se
634 3267 817 3332 tetulerunt
839 3267 962 3331 semina
983 3289 1148 3353 aquarum

217 3378 270 3435 ‘at
293 3372 389 3435 nimis
411 3381 460 3435 est
483 3371 597 3456 iugens
619 3371 746 3436 incendi
769 3370 919 3436 turbidus
940 3372 1049 3436 ardor?

217 3474 339 3538 scilicet
361 3482 395 3537 et
417 3473 536 3537 fluvius
558 3476 663 3560 quivis
685 3484 734 3539 est
757 3475 916 3538 maximus
938 3476 969 3539 ei

217 3575 274 3659 qui
296 3598 361 3639 non
383 3583 459 3640 ante
482 3577 622 3662 aliquem
646 3578 799 3642 maiorem
821 3576 914 3654 vidit,
936 3586 970 3642 et
993 3577 1107 3664 ingens
1272 3579 1332 3660 675

216 3678 310 3742 arbor
331 3679 489 3764 homoque
512 3679 650 3757 videtur,
673 3690 706 3745 et
729 3680 837 3744 omnia
859 3680 900 3744 de
922 3702 1040 3767 genere
1063 3680 1150 3744 omni

128 3977 178 4011 ms.
190 3967 264 4011 notes
276 3963 315 4012 for
329 3965 465 4012 Fbammue.
580 3965 629 4014 648
640 3967 824 4030 dispiciendum
839 3967 909 4016 Nion.
924 3967 964 4016 for
978 3968 1170 4030 deepieiendura
1287 3968 1335 4018 652

120 4044 266 4107 corrupted
282 4046 316 4108 by
332 4045 397 4095 Mar.
409 4045 483 4095 Junt.
498 4045 590 4095 hamb.
606 4050 653 4097 eto.
753 4049 801 4099 663
814 4053 971 4112 propositum
985 4050 1008 4098 B
1025 4065 1089 4100 corr.
1108 4050 1167 4099 Ver.
1185 4049 1249 4102 Ven.
1269 4050 1336 4100 Mar.

129 4126 169 4176 for
175 4130 327 4190 propositae.
364 4129 520 4190 propositum
530 4136 567 4177 eat
577 4127 647 4176 Flor.
659 4131 690 4178 31
703 4129 792 4181 camb.
837 4131 1250 4193 planeBeorr.Flor.310amb.
1264 4131 1336 4183 Mon.

128 4211 168 4258 for
180 4212 263 4273 plani.
364 4210 411 4260 663
427 4212 498 4259 notia
514 4209 579 4258 Mar.
596 4209 669 4261 Junt
685 4211 775 4262 Lamb.
794 4215 842 4262 eto.
860 4213 900 4262 for
916 4215 996 4262 nwrbi
1012 4212 1097 4263 whiob
1113 4212 1162 4262 has
1179 4227 1252 4263 oome
1269 4214 1336 4262 from

128 4290 184 4340 664.
220 4292 274 4338 orbi
285 4288 365 4339 Laoh.
480 4289 767 4353 674quivioeatBeutl.
780 4293 820 4341 for
835 4296 966 4356 quinione.
1001 4296 1085 4357 quivis
1097 4301 1126 4343 ut
1140 4293 1336 4344 Heinsinms.

128 4374 210 4432 notes,
225 4371 278 4420 and
289 4371 324 4419 Is.
335 4371 409 4422 Voss.
423 4370 512 4421 inms.
524 4375 607 4422 notes.
640 4375 793 4435 quinorum
803 4373 894 4424 Lamb.
928 4383 965 4425 eat
976 4374 999 4424 is
1010 4374 1093 4425 added
1104 4376 1171 4425 after
1181 4379 1205 4426 ei
1216 4376 1251 4440 by
1261 4377 1333 4428 Flor.
