2804 4786
714 244 745 307 V

227 404 372 470 efficiunt
393 405 519 470 clades!
548 406 626 492 quid
649 407 744 472 luxus
766 407 995 492 desidiaeque?

228 509 307 573 haec
328 509 431 596 igitur
452 511 509 594 qui
531 523 649 576 cuncta
669 510 836 598 subegerit
859 533 898 575 ex
920 510 1094 596 animoque

228 612 389 696 expulerit
411 613 514 692 dictis,
537 638 602 679 non
624 615 730 692 armis,
752 638 858 680 nonne
880 615 1010 680 decebit

228 715 315 781 hunc
337 716 499 782 hominem
522 741 656 784 numero
678 719 786 784 divom
808 719 971 806 dignarier
993 721 1087 783 esse?

227 844 301 885 cum
324 823 406 887 bene
429 825 617 908 praesertim
638 824 744 888 multa
765 846 803 888 ac
825 822 982 888 divinitus
1005 822 1085 908 ipsis

228 923 457 991 immo1talibu'
480 926 520 990 de
542 927 626 991 divis
648 927 723 991 dare
747 926 834 990 dicta
855 926 957 991 suerit

228 1035 326 1112 atque
349 1050 478 1092 omnem
499 1052 607 1093 rerum
629 1039 781 1093 naturam
803 1028 944 1114 pandere
967 1027 1072 1092 dictis.

272 1126 374 1193 Cuius
396 1151 456 1216 ego
478 1131 641 1217 ingressus
663 1131 801 1216 vestigia
820 1130 900 1195 dum
922 1129 1064 1194 rationes

229 1252 400 1317 persequor
421 1256 458 1297 ac
480 1234 576 1299 doceo
598 1234 703 1311 dictis,
725 1256 789 1319 quo
811 1255 958 1319 quaeque
980 1241 1090 1298 creata
1139 1270 1143 1275 -

229 1333 355 1399 foedere
377 1336 453 1414 siut,
475 1338 510 1401 in
532 1360 570 1402 eo
592 1360 689 1424 quam
712 1337 755 1402 sit
777 1338 891 1402 durare
913 1359 1082 1402 necessum

228 1456 288 1499 nec
311 1437 433 1502 validas
455 1439 585 1504 valeant
606 1440 678 1505 aevi
700 1440 880 1505 rescindere
903 1438 999 1527 leges,

231 1561 294 1623 quo
315 1563 433 1627 genere
455 1544 490 1607 in
512 1545 625 1630 primis
646 1544 747 1609 animi
769 1554 888 1609 natura
909 1553 1038 1630 reperta
1060 1552 1111 1608 est

231 1644 341 1710 nativo
362 1649 504 1732 primum
526 1648 699 1714 consistere
722 1671 851 1735 corpore
874 1656 963 1713 creta

230 1767 290 1809 uec
311 1768 403 1832 posse
425 1749 595 1815 incolumis
616 1773 772 1837 magnum
795 1751 911 1815 durare
933 1772 992 1835 per
1013 1772 1136 1828 aevom,

230 1849 289 1913 sed,
308 1851 479 1918 simulacra
500 1855 600 1920 solere
623 1855 800 1919 insomnis
823 1854 933 1919 fallere
956 1863 1111 1929 mentem,

231 1975 359 2020 cernere
382 1979 456 2020 oum
478 1958 646 2023 videamur
668 1980 744 2022 eum
767 1980 864 2044 quem
887 1958 957 2022 vita
978 1957 1121 2042 reliquit,

232 2058 317 2143 quod
339 2069 495 2144 superest,
518 2085 604 2126 nuno
628 2062 692 2126 huc
713 2061 847 2126 rationis
869 2061 989 2126 detulit
1012 2061 1099 2139 ordo,

231 2170 270 2225 ut
291 2162 374 2226 mihi
397 2164 524 2228 mortali
546 2166 718 2230 consistere
741 2187 870 2251 corpore
892 2165 1054 2230 mundum

232 2268 440 2355 nativomque
463 2271 560 2335 simul
581 2271 664 2335 ratio
686 2271 855 2336 reddunda
877 2270 922 2335 sit
944 2293 1014 2335 esse
1026 2292 1034 2350 ;

233 2383 266 2439 et
288 2375 407 2459 quibus
429 2376 484 2440 ille
506 2376 610 2440 modis
632 2397 818 2461 congressus
840 2374 990 2439 materiai

233 2479 377 2543 fundarit
398 2487 517 2544 terram
540 2480 664 2544 eaelum
687 2501 775 2543 mare
798 2479 904 2544 sidera
926 2479 1027 2543 solem

215 2580 386 2667 ‘lunaique
408 2583 558 2669 globum;
573 2591 658 2647 tum
682 2605 765 2668 quae
788 2582 904 2646 tellure
926 2582 1110 2645 animantes

233 2685 412 2762 extiterint,
434 2696 467 2751 et
490 2709 572 2772 quae
595 2687 684 2751 nullo
707 2688 772 2751 sint
795 2696 939 2772 tempore
961 2694 1078 2764 natae;

233 2809 337 2872 quove
359 2789 454 2853 modo
475 2812 578 2874 genus
601 2790 781 2854 humanum
804 2789 950 2853 variante
973 2787 1113 2873 loquella

233 2891 373 2975 coeperit
394 2891 481 2956 inter
503 2915 537 2956 se
560 2893 645 2957 vesci
667 2915 725 2978 per
746 2891 878 2955 nomina
899 2912 1026 2969 rerum;

233 3001 267 3057 et
290 2995 408 3078 quibus
430 2996 485 3059 ille
508 2995 611 3060 modis
633 2995 740 3059 divom
764 3002 872 3058 metus
894 2993 1068 3058 insinuarit

233 3105 371 3181 pectora,
394 3107 553 3162 terrarum
575 3099 632 3184 qui
654 3098 689 3161 in
712 3098 781 3162 orbi
803 3106 914 3161 sancta
936 3105 1050 3162 tuetur

235 3200 309 3263 fana
331 3201 418 3265 lacus
441 3202 527 3266 lucos
549 3225 620 3266 aras
643 3202 877 3286 simulacraque
899 3201 1015 3267 divom.

234 3312 401 3388 praeterea
423 3305 497 3369 solis
520 3328 631 3370 cursus
654 3307 814 3391 lunaeque
836 3314 964 3370 meatus

235 3408 403 3493 expediam
427 3432 491 3495 qua
513 3411 546 3474 vi
567 3412 678 3476 flectat
700 3418 819 3474 natura
840 3410 1042 3495 gubemans;

234 3534 275 3576 ne
298 3513 379 3578 forte
402 3515 481 3579 haec
503 3515 589 3579 inter
611 3517 735 3580 caelum
760 3525 944 3598 terramque
966 3538 1097 3580 reamur

234 3616 335 3681 libera
356 3627 471 3703 sponte
494 3640 552 3682 sua
575 3640 686 3684 cursus
709 3619 845 3684 lustrare
868 3618 1019 3704 perennis

234 3720 393 3806 morigera
414 3719 455 3784 ad
478 3721 587 3807 fruges
609 3721 771 3808 augendas
793 3731 893 3808 atque
916 3721 1100 3798 animantia,

234 3844 315 3886 neve
337 3824 447 3909 aliqua
468 3823 576 3887 divom
598 3824 684 3888 volvi
706 3826 830 3890 ratione
853 3835 1015 3912 putemus.

233 3949 309 3989 nam
332 3927 414 3992 bene
436 3926 493 4012 qui
515 3925 655 3991 didicere
677 3928 753 3992 deos
775 3951 925 3994 securum
948 3950 1044 4015 agere
1067 3949 1191 4004 aevom,

148 4163 234 4218 norea
251 4158 351 4220 though
362 4159 435 4209 Mon.
446 4159 495 4210 has
506 4173 541 4209 no
552 4161 622 4210 trace
633 4161 662 4210 ol
671 4159 701 4210 it.
734 4161 807 4212 Junt.
820 4160 895 4211 reads
906 4167 972 4212 aaut.
1098 4160 1130 4209 51
1146 4173 1245 4210 numero
1255 4140 1368 4208 dlvffl'·

150 4242 477 4294 urrumnomaonuuna
566 4244 872 4295 oarmmatazruamor.
888 4243 996 4293 31Mar.
1032 4213 1364 4292 rememoraturum

149 4321 476 4374 rammaauuosmu.
490 4325 539 4372 eu.
573 4321 790 4373 oenomaum.
889 4324 920 4372 61
931 4322 1064 4372 umalama
1074 4321 1139 4373 nar.
1152 4320 1225 4372 tunt.
1238 4301 1362 4368 rorsffl'

151 4405 232 4454 lumea
242 4404 272 4466 Δ,
285 4406 414 4454 vinculum
425 4413 461 4455 ert
472 4405 503 4465 B,
514 4407 637 4456 incolume
647 4405 736 4456 (lamb.
785 4408 816 4458 71
830 4407 923 4466 Quove.
953 4407 1055 4468 Quoque
1066 4402 1179 4462 Nonius,
1191 4404 1301 4458 sonum
1314 4380 1359 4435 ⁵⁰
