2834 4792
109 251 168 316 108
681 251 718 315 II

188 439 248 482 nec
271 417 378 481 minus
400 417 478 482 haec
500 417 645 482 animum
668 439 855 503 cognoscere
878 441 970 504 posse
993 442 1141 506 sagacem

191 542 287 606 quam
311 542 393 606 quae
415 527 492 585 sunt
515 521 587 584 aliis
608 520 705 585 rebus
726 520 854 606 privata
875 530 996 588 notare.

233 624 299 689 Sed
322 647 362 689 ne
385 624 466 689 forte
488 634 586 710 putes
608 625 673 690 solo
696 624 832 711 spoliata
854 626 957 691 colore

190 750 320 814 corpora
342 730 446 814 prima
468 751 607 806 manere,
630 730 730 794 etiam
753 738 876 795 secreta
898 732 1018 816 teporis

188 841 265 896 sunt
287 853 324 896 ae
347 832 472 918 frigoris
495 832 624 896 omnino
647 832 806 916 calidique
830 833 967 919 vaporis,

188 945 222 1000 et
245 934 352 1000 sonitu
375 936 486 1002 sterila
507 947 638 1001 etsuco
660 937 770 1000 ieiuna
793 937 948 1016 feruntur,

188 1061 248 1104 nec
270 1038 393 1103 iaciunt
415 1039 519 1103 ullum
541 1040 706 1124 proprium
729 1038 769 1103 de
786 1062 921 1126 corpore
944 1040 1081 1106 odorem.

188 1141 273 1206 sicut
295 1141 468 1205 amaracini
491 1141 646 1206 blandum
669 1150 855 1229 stactaeque
879 1144 1034 1229 liquorem

187 1257 221 1312 et
243 1248 336 1312 nardi
358 1248 477 1324 florem,
500 1257 611 1313 nectar
632 1248 688 1334 qui
710 1249 842 1313 naribus
864 1249 962 1322 halat,

186 1374 260 1416 cum
284 1351 385 1417 facere
408 1351 569 1429 instituas,
593 1375 666 1417 cum
689 1353 801 1438 primis
824 1375 976 1438 quaerere
1000 1376 1058 1439 par
1079 1362 1140 1432 est,

187 1454 292 1539 quoad
314 1454 390 1519 lieet
411 1476 448 1519 ae
470 1455 571 1539 possis
593 1455 741 1541 reperire,
764 1456 918 1520 inolentis
940 1455 1018 1520 olivi

186 1566 345 1634 naturam,
368 1558 488 1622 nullam
513 1581 595 1644 quae
618 1559 731 1623 mittat
752 1558 885 1623 naribus
907 1581 1029 1634 auram,

186 1682 284 1746 quam
308 1660 441 1725 minime
464 1671 502 1725 ut
525 1662 626 1746 possit
649 1661 767 1726 mixtos
790 1662 976 1747 incorpore
999 1661 1112 1726 odores

187 1771 416 1849 concoctosque
438 1787 496 1828 suo
519 1773 722 1829 contractans
745 1764 877 1851 perdere
900 1765 976 1840 viro,

187 1875 319 1951 propter
342 1867 476 1932 eandem
499 1891 567 1934 rem
589 1868 709 1933 debent
732 1868 907 1953 primordia
928 1891 1037 1934 rerum

187 1992 251 2033 non
273 1970 427 2035 adhibere
451 1993 546 2034 suum
569 1971 745 2057 gignundis
767 1971 865 2037 rebus
887 1972 1016 2037 odorem

186 2089 245 2130 nec
268 2069 420 2145 sonitum,
443 2069 595 2154 quoniam
618 2070 663 2133 nil
686 2071 727 2134 ab
751 2093 785 2134 se
807 2070 939 2136 mittere
961 2080 1104 2157 possunt,

186 2192 245 2234 neo
268 2170 366 2235 simili
388 2172 512 2236 ratione
535 2194 680 2257 saporem
704 2173 844 2258 denique
867 2195 1064 2259 quemquam

185 2296 245 2340 nec
268 2274 369 2362 frigus
391 2298 496 2361 neque
518 2276 599 2340 item
622 2276 762 2341 calidum
786 2277 999 2363 tepidumque
1023 2301 1183 2364 vaporem,

185 2386 307 2457 cetera;
341 2401 423 2463 quae
447 2401 521 2443 cum
544 2379 592 2442 ita
613 2386 690 2443 sunt
713 2388 822 2443 tamen
848 2388 885 2444 ut
909 2382 1057 2446 mortalia
1079 2391 1239 2461 constent,

185 2481 274 2545 molli
297 2482 393 2558 lenta,
417 2482 541 2568 fragosa
563 2481 661 2567 putri,
684 2505 761 2546 cava
784 2505 913 2568 corpore
936 2506 1014 2560 raro,

185 2586 292 2649 omnia
314 2586 380 2650 sint
402 2609 421 2649 a
443 2587 610 2672 principiis
632 2587 780 2651 seiuncta
803 2597 972 2664 necessest,

184 2688 367 2752 inmortalia
389 2689 416 2753 si
439 2690 586 2753 volumus
608 2690 802 2777 subiungere
826 2691 921 2755 rebus

184 2791 396 2856 fundamenta
418 2793 538 2877 quibus
561 2793 686 2856 nitatur
708 2815 836 2857 summa
858 2794 992 2874 salutis;

184 2917 225 2958 ne
248 2896 309 2960 tibi
332 2918 382 2960 res
404 2894 538 2960 redeant
561 2897 602 2960 ad
624 2897 727 2961 nilum
751 2898 898 2962 funditus
920 2921 1038 2964 omnes.

229 2997 326 3061 Nunc
348 3021 386 3063 ea
408 3021 490 3085 quae
513 3001 633 3064 sentire
656 3001 802 3065 videmus
825 3022 964 3085 cumque
987 3010 1146 3067 necessest
1238 3005 1300 3085 865

184 3122 223 3164 ex
246 3101 452 3167 insensilibus
475 3113 585 3167 tamen
609 3104 717 3168 omnia
739 3105 910 3169 confiteare

184 3204 350 3289 principiis
373 3215 526 3270 constare.
571 3230 675 3292 neque
698 3207 732 3271 id
755 3209 936 3272 manufesta
959 3209 1105 3274 refutant

184 3329 243 3371 neo
266 3318 376 3373 contra
398 3318 554 3396 pugnant,
576 3310 610 3374 in
633 3320 786 3396 promptu
809 3314 938 3398 cognita
961 3335 1043 3398 quae
1066 3324 1152 3392 sunt,

183 3410 240 3475 sed
263 3412 365 3497 magis
387 3413 457 3497 ipsa
480 3436 576 3477 manu
601 3414 725 3478 ducunt
748 3425 781 3478 et
805 3415 932 3480 credere
955 3425 1076 3502 cogunt

184 3536 223 3577 ex
246 3515 461 3592 insensilibus,
484 3517 570 3601 quod
593 3515 672 3592 dieo,
695 3517 848 3581 animalia
870 3518 970 3604 gigni.
1240 3527 1307 3607 870

184 3619 304 3704 quippe
327 3618 435 3683 videre
458 3619 534 3683 licet
557 3619 645 3684 vivos
668 3620 806 3686 existere
830 3642 954 3686 vermes

184 3731 321 3788 stercore
344 3724 385 3787 de
407 3731 521 3800 taetro,
543 3733 692 3808 putorem
717 3747 790 3787 cum
814 3724 875 3788 sibi
899 3734 994 3789 nacta
1017 3734 1066 3790 est

97 3909 137 3959 lor
153 3909 317 3972 disperditur.
350 3952 355 3969 ,
441 3910 488 3958 841
506 3917 593 3959 notare
610 3909 687 3960 Lach.
707 3911 879 3974 torporeque.
1011 3913 1058 3962 845
1076 3916 1164 3964 ieiuna
1180 3915 1253 3966 Flor.
1272 3920 1304 3968 31

98 3992 188 4042 camb.
205 3995 253 4041 eto.
271 3992 311 4042 for
328 3999 352 4041 et
367 4007 428 4041 uno.
567 3993 614 4042 846
624 3995 761 4055 proprium.
792 3995 896 4055 proprio
907 3993 987 4042 Lech.
999 3994 1062 4043 with
1073 3994 1148 4045 June.
1160 4002 1207 4047 not
1219 3998 1305 4058 Mam

97 4075 143 4124 but
160 4088 278 4136 compare
295 4075 352 4123 855.
385 4076 437 4123 ullo
454 4074 529 4125 Pont.
723 4077 771 4124 850
785 4078 873 4138 possis.
906 4078 976 4139 potis
993 4092 1017 4125 ee
1035 4076 1126 4127 Iamb.
1143 4078 1241 4131 naon:
1260 4097 1304 4133 see

98 4160 173 4205 notes
185 4158 210 4205 2.
384 4158 432 4206 853
443 4165 602 4206 contracturos
613 4157 702 4216 Lech„
715 4157 767 4206 and
779 4173 850 4208 some
861 4173 922 4209 mss.
938 4159 965 4207 of
981 4159 1098 4210 Priscian
1110 4175 1136 4210 m
1148 4163 1180 4212 91
1193 4161 1234 4211 ior
1245 4180 1305 4216 eon-

97 4245 198 4287 tractas.
234 4245 373 4288 contractos
384 4238 452 4300 vulg.
464 4253 562 4288 servare
577 4239 703 4303 (superare
715 4240 825 4305 Forbig.)
839 4249 863 4290 et
874 4243 977 4304 perdere
989 4241 1089 4292 Nonius
1100 4259 1126 4306 p.
1140 4245 1194 4295 188.

129 4321 178 4369 854
195 4321 301 4382 Propter
318 4323 421 4371 eandem
436 4336 488 4369 rem
504 4321 582 4372 Lech.
603 4326 672 4372 most
689 4324 759 4386 truly
770 4324 810 4372 for
826 4324 933 4386 Propter
948 4327 1059 4375 eandem.
1092 4327 1230 4390 Propterea
1249 4337 1306 4380 ten-

98 4402 152 4450 dem
168 4400 237 4450 Flor.
256 4403 286 4450 31
304 4401 393 4451 Oamb.
409 4401 486 4459 Mar„
503 4403 639 4465 Propterea
656 4404 869 4466 demarchum„
888 4405 1017 4468 absurdly.
1160 4409 1209 4459 860
1224 4411 1305 4462 Molli
