2834 4792
150 472 156 479 .
238 413 294 479 ille
316 413 419 479 leonis
440 412 568 478 obesset
589 420 623 477 et
646 412 778 476 homene
799 409 956 475 Arcadius
978 413 1056 474 sust

237 517 379 602 denique
401 516 479 602 quid
503 515 620 582 Cretae
642 524 756 580 taurus
778 515 985 599 Lernaeaque
1007 512 1108 599 pestis

238 619 342 704 hydra
362 618 531 683 venenatis
552 626 661 704 posset
683 617 803 680 vallata
825 615 987 680 colubris?

237 722 358 809 quidve
379 722 555 807 tripectora
576 719 751 807 tergemini
773 720 821 784 vis
844 718 1005 805 Geryonai

158 949 211 1014 30
237 937 331 994 tanto
353 950 448 1014 opere
471 929 635 992 officerent
657 927 751 992 nobis
773 926 966 1012 Stymphala
987 925 1129 989 colentes

157 1051 211 1115 29
238 1039 274 1096 et
298 1029 465 1096 Diomedis
486 1030 563 1114 equi
584 1031 744 1116 spirantes
765 1029 898 1093 naribus
921 1029 1030 1115 ignem

238 1133 372 1199 Thracis
394 1132 621 1219 Bistoniasque
644 1133 756 1220 plagas
777 1143 877 1218 atque
899 1132 1023 1196 Ismara
1044 1132 1199 1216 propter?

238 1259 400 1322 aureaque
423 1236 643 1322 Hesperidum
665 1258 796 1301 servans
818 1235 977 1322 fulgentia
999 1234 1093 1310 mala,

237 1363 340 1427 asper,
362 1341 477 1406 acerba
498 1352 602 1417 tuens,
624 1340 760 1405 immani
781 1362 911 1425 corpore
933 1360 1063 1424 serpens

237 1443 361 1508 arboris
382 1444 550 1530 amplexus
572 1444 707 1529 stirpem
729 1443 809 1528 quid
832 1443 971 1528 denique
994 1441 1122 1505 obesset

239 1555 371 1634 propter
391 1548 585 1613 Atlanteum
608 1547 686 1612 litus
708 1547 884 1633 pelageque
907 1567 1028 1621 sonora,

238 1671 303 1735 quo
324 1671 429 1735 neque
451 1657 561 1714 noster
580 1649 651 1714 adit
673 1649 844 1734 quisquam
866 1670 925 1712 nec
946 1647 1101 1712 barbarus
1123 1644 1247 1709 audet?

238 1762 346 1819 cetera
367 1754 408 1819 de
429 1776 548 1841 genere
570 1754 630 1819 hoc
651 1776 734 1839 quae
756 1761 832 1818 sunt
855 1760 1006 1838 portenta
1027 1758 1205 1836 perempta,

239 1857 288 1922 sei
307 1880 373 1922 non
395 1847 481 1922 victa
503 1858 617 1935 forent,
638 1857 718 1943 quid
740 1855 872 1921 tandem
896 1855 968 1919 viva
991 1857 1165 1919 nocerent?
1213 1895 1218 1906 ·

238 1959 295 2037 nil,
316 1968 355 2025 ut
377 1959 505 2045 opinor:
535 1960 583 2025 ita
605 1960 647 2024 ad
668 1960 819 2025 satiatem
842 1968 928 2024 terra
950 1960 1089 2022 ferarum

238 2087 325 2128 nunc
347 2063 447 2128 etiam
469 2063 567 2128 scatit
589 2072 622 2129 et
645 2062 771 2148 trepido
794 2071 914 2127 terrore
936 2061 1061 2146 repleta
1082 2067 1133 2123 est

239 2189 297 2253 per
318 2190 449 2232 nemora
469 2189 508 2232 ac
530 2176 656 2232 montes
678 2189 810 2252 magnos
833 2166 992 2252 silvasque
1014 2164 1206 2251 profundas3

239 2290 323 2354 quae
346 2269 414 2334 loca
436 2268 562 2333 vitandi
583 2269 773 2355 plerumque
796 2277 846 2333 est
868 2277 977 2333 nostra
999 2275 1151 2353 potestas.

240 2381 276 2436 at
296 2371 360 2437 nisi
380 2381 588 2459 purgatumst
609 2381 731 2458 pectus,
754 2393 837 2458 quae
860 2371 980 2456 proelia
1002 2371 1095 2435 nobis

236 2485 338 2562 atque
350 2477 503 2563 ‘pericula
524 2487 629 2542 tumst
650 2477 786 2563 ingratis
807 2476 1056 2541 insinuandum!

240 2588 382 2665 quantae
405 2589 477 2645 tum
499 2581 652 2645 scindunt
674 2580 837 2645 hominem
860 2580 1049 2666 cuppedinis
1072 2601 1160 2643 acres
1312 2589 1352 2656 45

240 2682 415 2747 sollicitum
436 2705 532 2748 curae
555 2683 733 2770 quantique
755 2683 889 2768 perinde
912 2683 1060 2746 timores!

241 2785 359 2870 quidve
381 2785 532 2870 superbia
553 2785 709 2870 spurcitia
730 2807 766 2849 ao
788 2785 993 2871 petulantia?
1024 2792 1162 2869 quantas

145 3004 226 3056 Nica.
237 3005 277 3056 lor
287 3009 395 3058 uocauit.
513 3009 544 3059 29
561 3007 615 3056 toll.
627 3007 693 3057 Mar.
704 3007 762 3056 ald.
776 3009 789 3056 1
803 3009 876 3057 lunt.
889 3007 941 3057 and
952 3008 987 3058 all
999 3007 1150 3070 succeeding
1161 3007 1214 3057 eds.
1227 3007 1310 3055 invert
1323 3007 1355 3055 30

149 3086 208 3137 and
221 3088 264 3148 31;
281 3087 296 3136 1
310 3091 445 3152 transpose
456 3090 488 3140 29
499 3088 552 3138 and
564 3090 610 3138 30:
626 3089 704 3151 again
715 3089 781 3138 Mar.
792 3089 848 3140 Ald.
863 3091 876 3137 1
889 3089 962 3138 lunt.
975 3090 1026 3139 and
1037 3090 1072 3138 all
1084 3089 1169 3138 before
1180 3088 1259 3139 Lach.
1274 3088 1355 3138 insert

148 3171 268 3221 between
278 3173 349 3221 notis
360 3170 413 3221 and
423 3173 574 3237 Stymphala
584 3170 629 3221 the
639 3171 722 3220 words
734 3174 852 3236 tanaisque
865 3175 988 3221 timendae
1004 3174 1131 3235 Unyuitus
1146 3174 1272 3222 Arcadiae
1286 3172 1355 3220 uolu-

149 3269 217 3304 cres.
249 3254 328 3305 nach.
341 3254 438 3318 weakly
449 3253 522 3304 reads
533 3261 558 3302 et
569 3268 627 3302 aves
638 3253 765 3303 fornolis.
802 3254 815 3302 I
827 3254 892 3304 have
903 3270 937 3303 no
949 3255 1028 3304 doubt
1040 3269 1056 3304 a
1067 3268 1138 3304 verse
1152 3254 1201 3303 has
1216 3253 1295 3303 fallen
1310 3254 1355 3300 out

150 3334 244 3384 before
255 3336 286 3386 29
298 3337 361 3398 (30),
373 3333 514 3398 beginning
524 3333 588 3384 with
601 3334 683 3394 Quia:
701 3333 765 3383 such
777 3334 817 3384 for
828 3335 946 3385 instance
957 3351 987 3386 as
999 3336 1052 3385 this
1064 3338 1132 3398 Quid
1145 3338 1254 3385 uolucres
1265 3335 1356 3397 pennis

150 3418 250 3467 aeratis
261 3420 334 3468 invia
344 3425 442 3480 stagna.
549 3418 580 3466 31
600 3418 706 3466 Thracis
718 3416 767 3467 Ed.
779 3418 820 3467 tor
833 3420 952 3467 Thracia.
989 3420 1112 3468 Thracam
1122 3417 1203 3469 Lech.
1240 3419 1356 3466 Thracen

152 3498 215 3551 Ald.
236 3499 249 3547 1
266 3499 355 3549 lunt:
377 3513 419 3549 sae
436 3498 524 3550 (lamb.
544 3498 636 3547 lourn.
654 3498 682 3546 ot
697 3497 762 3559 phil.
779 3513 790 3547 1
806 3514 832 3561 p.
850 3501 890 3548 44.
989 3500 1020 3549 34
1036 3503 1138 3563 stirpem
1155 3500 1226 3548 Mon.
1244 3499 1354 3560 Nauger.

154 3581 257 3648 (stipem
272 3581 337 3631 Mar.
355 3581 441 3647 lunt.)
458 3582 498 3631 lor
514 3585 613 3645 stirpes.
724 3584 755 3632 35
772 3587 918 3633 Atlanteum
936 3584 987 3633 (lif.
1007 3585 1180 3649 (Atlantaeum
1196 3581 1287 3631 Lamb.
1304 3580 1356 3630 and

154 3663 269 3716 Turneb.
282 3664 350 3730 first)
363 3663 403 3713 lor
416 3667 559 3714 Atianeum.
595 3667 719 3716 Oceanum
731 3674 835 3729 propter
849 3665 920 3715 Nica.
937 3667 1053 3716 followed
1069 3666 1102 3729 by
1112 3680 1205 3727 many:
1232 3667 1356 3714 Oceanum

152 3761 209 3797 was
220 3747 343 3811 probably
353 3747 455 3798 written
466 3747 494 3796 in
505 3747 549 3798 the
560 3748 662 3810 margin
673 3750 702 3799 of
711 3748 826 3810 Poggio’s
834 3763 882 3799 ms.
894 3752 922 3798 to
931 3748 1035 3812 explain
1043 3751 1195 3796 Atlanteum.
1219 3748 1356 3809 pelopeque

153 3825 250 3877 Iamb.
265 3826 305 3876 lor
317 3828 461 3890 petantque.
493 3841 582 3876 sonora
598 3827 668 3879 Nico.
688 3828 743 3892 (not
756 3829 824 3878 Flor.
840 3830 871 3877 31
887 3842 916 3876 or
932 3827 1032 3888 Gamb.)
1048 3827 1118 3875 Mon.
1134 3825 1204 3875 Brix.
1219 3825 1276 3875 Ver.
1291 3825 1354 3873 Van.

151 3905 217 3958 Ald.
229 3908 244 3955 1
254 3907 328 3958 lunt.
342 3908 453 3971 Nangar.
465 3909 545 3958 Lach.
561 3909 602 3959 lor
614 3925 716 3960 seuera:
733 3911 754 3961 it
770 3926 822 3961 was
834 3910 959 3973 probably
973 3910 1002 3958 in
1016 3909 1136 3972 Poggio's
1151 3922 1215 3957 ms:
1233 3908 1309 3958 Pont.
1327 3905 1355 3954 in

152 4003 239 4051 marg.
251 3987 310 4040 ‘alii
323 3992 431 4040 smna'.
529 3993 562 4041 38
578 3995 623 4043 Sei
636 3992 717 4043 Lech.
733 3995 763 4044 Sl
779 3995 848 4044 Nico.
866 3995 907 4043 lor
920 3995 977 4043 Sed.
1078 3992 1110 4040 44
1128 3997 1203 4039 tumst
1218 3989 1297 4040 Lech.
1316 3987 1356 4038 lor

151 4077 224 4122 sum.
253 4079 311 4122 trena
322 4071 414 4122 hamb.
426 4071 479 4122 uir.
491 4072 533 4124 ed.
545 4075 572 4124 1.Ι
597 4075 689 4125 Lamb.
700 4075 739 4126 ad.
750 4078 765 4125 3
776 4077 890 4126 remarks
900 4076 1075 4125 ‘hunclocum
1085 4076 1356 4126 Zoilus...secutussst

153 4152 252 4203 tacitns
268 4156 295 4203 at
311 4152 489 4214 dissimulans,
507 4159 639 4216 tamquam
655 4154 784 4218 integrum
800 4155 828 4205 in
845 4156 903 4206 aliis
920 4156 994 4206 libris
1012 4160 1142 4219 repertum
1161 4159 1187 4204 et
1206 4168 1259 4204 non
1279 4169 1295 4204 a
1314 4169 1355 4204 me

152 4233 346 4287 emendarum’:
364 4235 657 4287 (transnatamus
669 4240 788 4302 pericula
803 4247 847 4299 est,
860 4238 913 4288 and
926 4254 985 4301 says
1003 4238 1052 4288 ‘sic
1064 4236 1161 4300 scripsi
1176 4237 1205 4285 in
1216 4251 1240 4286 ο.
1252 4252 1277 4285 v.
1288 4243 1354 4286 sunt.

151 4315 260 4367 Marull.
271 4319 298 4368 et
308 4317 377 4380 vulg.
392 4319 476 4369 ltnrc':
492 4333 551 4369 now
567 4319 642 4369 when
658 4320 750 4370 Lamb.
767 4320 820 4370 had
837 4336 866 4370 so
882 4320 1015 4384 poinlsdly
1031 4320 1119 4371 drawn
1136 4318 1264 4370 attention
1280 4322 1308 4368 to
1324 4316 1355 4377 it,

152 4398 210 4451 uit
223 4401 295 4450 must
304 4397 372 4450 have
382 4398 446 4450 bean
457 4405 552 4452 ernost
562 4401 700 4464 immdent
710 4402 767 4465 liar,
781 4403 802 4452 il
818 4402 851 4452 he
862 4402 907 4452 did
917 4404 964 4453 not
974 4402 1029 4453 find
1044 4409 1102 4453 tunc
1117 4402 1146 4452 in
1160 4402 1294 4452 Marullns'
1306 4416 1354 4450 ms.
