2834 4792
638 195 692 261 111

153 359 185 424 si
209 359 317 424 minus
339 359 475 424 offendit
499 358 601 424 vitam
623 358 672 424 vis
694 359 824 424 horrida
846 358 905 424 teli

156 462 285 528 ossibus
306 485 343 528 ac
364 464 472 528 nervis
493 462 642 528 disclusis
664 463 754 528 intus
774 462 898 539 adacta,

155 575 193 630 at
216 574 327 630 tamen
348 565 534 651 insequitur
555 565 692 652 languor
715 573 884 650 terraeque
907 565 1032 650 petitus

155 669 274 755 segnis,
297 676 331 734 et
352 669 388 733 in
409 676 497 733 terra
519 669 639 733 mentis
661 669 718 754 qui
739 668 888 756 gignitur
909 676 1029 744 aestus,

154 772 387 857 interdumque
410 771 502 857 quasi
524 772 703 858 exurgendi
726 772 851 836 incerta
873 771 1030 836 voluntas.

153 896 233 961 ergo
255 897 437 961 corpoream
458 883 610 939 naturam
632 873 733 938 animi
756 896 824 939 esse
847 886 1015 953 necessest,

156 978 315 1064 corporeis
338 977 491 1063 quoniam
514 977 589 1042 telis
611 977 743 1063 ictuque
766 977 899 1042 laborat.

202 1083 235 1147 Is
258 1083 320 1149 tibi
341 1106 428 1148 nunc
449 1083 578 1148 animus
600 1082 689 1168 quali
712 1083 755 1146 sit
777 1104 907 1168 corpore
930 1092 964 1146 et
986 1082 1072 1147 unde

156 1186 342 1251 constiterit
365 1209 498 1274 pergam
520 1186 678 1251 rationem
701 1186 834 1250 reddere
858 1185 962 1251 dictis.

88 1307 92 1311 ·
154 1289 314 1375 principio
336 1312 404 1355 esse
426 1290 478 1354 aio
500 1289 712 1375 persuptilem
734 1297 833 1374 atque
856 1288 993 1353 minutis

155 1415 312 1479 perquam
335 1392 520 1480 corporibus
542 1395 664 1457 factum
687 1399 841 1457 constare.
885 1391 919 1455 id
942 1393 989 1456 ita
1012 1414 1081 1457 esse

155 1498 231 1562 hinc
253 1497 330 1563 licet
351 1498 501 1562 advertas
524 1497 669 1562 animum
693 1505 731 1560 ut
753 1517 940 1581 pernoscere
963 1496 1082 1581 possis:

154 1601 202 1665 nil
223 1601 303 1666 adeo
325 1601 395 1666 fieri
417 1600 514 1666 celeri
535 1601 659 1665 ratione
683 1599 820 1675 videtur,

155 1726 252 1791 quam
274 1703 333 1769 sihi
354 1726 446 1768 mens
468 1703 538 1768 fleri
560 1702 709 1788 proponit
732 1710 766 1766 et
789 1701 920 1767 inchoat
943 1702 1031 1787 ipsa;

154 1806 242 1871 ocius
265 1807 340 1893 ergo
362 1806 491 1871 animus
513 1828 611 1891 quam
633 1827 684 1869 res
705 1826 740 1870 se
763 1803 885 1889 perciet
908 1804 983 1881 ulla,

157 1919 234 1975 ante
256 1910 364 1974 oculos
386 1931 524 1995 quorum
546 1909 581 1972 in
603 1917 755 1994 promptu
778 1917 896 1973 natura
920 1907 1057 1972 videtur.

154 2023 189 2079 at
212 2014 298 2100 quod
320 2013 439 2078 mobile
462 2021 555 2078 tanto
579 2020 715 2098 operest,
737 2020 884 2076 constare
907 2011 1058 2076 rutundis

154 2139 308 2203 perquam
329 2117 507 2182 seminibus
529 2116 627 2182 debet
649 2138 868 2202 perquamque
891 2117 1036 2193 minutis,

155 2219 295 2283 momine
317 2219 368 2284 uti
390 2242 489 2305 parvo
511 2219 635 2304 possint
657 2218 786 2304 inpulsa
808 2218 937 2283 moveri.

156 2345 294 2408 namque
316 2330 467 2387 movetur
488 2344 573 2407 aqua
595 2330 629 2386 et
651 2321 781 2387 tantillo
804 2321 944 2387 momine
967 2322 1064 2387 flutat

153 2427 272 2512 quippe
294 2424 492 2491 volubilibus
515 2426 685 2511 parvisque
709 2433 818 2490 creata
839 2425 961 2511 figuris,

156 2540 189 2595 at
212 2540 323 2596 contra
345 2531 450 2596 mellis
473 2531 670 2596 constantior
692 2540 742 2596 est
764 2539 883 2595 natura

155 2642 188 2698 et
210 2634 295 2720 pigri
317 2634 430 2698 latices
453 2633 556 2720 magis
578 2642 612 2699 et
634 2634 840 2698 cunctantior
862 2642 956 2698 actus
968 2656 977 2714 ;

157 2737 267 2803 haeret
289 2738 377 2803 enirn
399 2738 486 2803 inter
507 2761 541 2803 se
565 2738 668 2825 magis
690 2738 793 2802 omnis
815 2737 965 2802 materiai

156 2841 254 2926 copia,
275 2840 430 2905 nimirum
453 2840 529 2926 quia
550 2863 615 2904 non
638 2851 706 2906 tam
728 2840 854 2905 levibus
877 2848 969 2904 extat

156 2943 337 3029 corporibus
359 2964 464 3029 neque
487 2954 555 3008 tam
578 2943 753 3028 suptilibus
774 2952 874 3028 atque
897 2942 1057 3007 rutundis.

155 3069 294 3133 namque
316 3048 485 3133 papaveris
507 3070 587 3112 aura
608 3055 716 3133 potest
739 3068 895 3132 suspensa
918 3045 1061 3131 levisque

155 3172 264 3236 cogere
287 3159 326 3215 ut
348 3150 390 3216 ab
412 3173 537 3216 summo
560 3151 622 3215 tibi
644 3150 772 3216 diffluat
794 3152 881 3215 altus
903 3172 1056 3230 acervus;

154 3262 188 3318 at
210 3261 322 3318 contra
343 3252 489 3339 lapidum
511 3254 692 3318 conlectum
714 3254 783 3338 ipse
806 3253 895 3317 euru’
917 3275 1046 3318 movere

56 3417 135 3485 with
149 3438 192 3487 AB
209 3438 278 3488 Nico.
314 3439 394 3488 animi
410 3441 449 3488 oie
467 3438 567 3488 Nonius
584 3439 670 3489 Brix.-
794 3439 841 3488 170
858 3441 962 3502 offendit
978 3439 999 3487 B
1018 3453 1081 3490 corr.
1102 3439 1142 3489 for
1158 3440 1271 3502 offendis.

93 3514 149 3568 teli
164 3519 229 3570 Mar.
247 3520 321 3569 Junt.
339 3522 408 3568 most
424 3519 494 3582 truly
510 3519 550 3569 for
568 3523 620 3570 leti.
739 3520 786 3570 172
804 3527 933 3582 terraeque
946 3523 1043 3583 petitus
1061 3521 1149 3582 Segnia
1166 3520 1215 3569 Ed.
1233 3520 1273 3569 for
1317 3574 1318 3579 ,
1406 3535 1409 3544 ·

59 3580 73 3625 ³·
92 3604 132 3652 Ρ.
149 3603 247 3660 Suavis,
265 3600 374 3650 because
396 3600 476 3651 Ican
493 3601 569 3652 think
588 3602 617 3651 of
636 3601 747 3664 nothing
769 3601 866 3651 better:
890 3605 976 3651 scocie
999 3601 1150 3665 manifestly
1166 3601 1215 3650 has
1237 3616 1271 3650 no

59 3667 150 3731 ⁸⁹¹¹se.
183 3683 283 3744 Suppes
299 3680 393 3732 Incia:
416 3682 462 3732 but
479 3682 538 3745 why
555 3698 647 3747 suppus
663 3682 751 3733 rather
768 3681 834 3732 than
849 3687 965 3744 monor?
988 3696 1083 3731 aman
1101 3682 1124 3730 is
1144 3682 1273 3744 generally

59 3748 192 3813 wollnded
210 3764 239 3812 in
258 3764 330 3813 frent
349 3762 402 3814 and
420 3763 494 3822 then,
512 3779 541 3814 aa
560 3764 637 3816 Luor.
654 3779 713 3827 says
731 3779 757 3814 1v
775 3766 847 3823 1049,
865 3764 898 3814 he
915 3765 976 3815 falls
993 3763 1115 3814 forwerda
1132 3768 1180 3814 not
1197 3764 1271 3814 back-

57 3829 157 3894 far-Q
191 3847 287 3895 Sceuae
304 3851 328 3894 et
345 3844 422 3896 Bern.
442 3845 510 3894 after
526 3861 542 3895 a
558 3845 642 3895 friend
658 3847 685 3896 of
702 3846 775 3898 Wak.
796 3846 837 3894 Mr
854 3845 925 3894 John
942 3847 1034 3896 Jones:
1054 3845 1101 3895 but
1118 3845 1163 3894 the
1179 3847 1272 3908 copula

56 3908 76 3987 ἴε
106 3918 136 3975 ia
154 3941 229 3977 never
248 3924 330 3975 found
346 3925 375 3975 in
391 3925 468 3976 Lucr.
486 3929 532 3976 out
549 3927 577 3976 of
597 3926 632 3976 its
647 3926 728 3990 place,
746 3927 799 3976 and
817 3943 832 3977 a
850 3926 932 3989 single
950 3927 1066 3989 example
1082 3930 1153 3976 must
1171 3930 1218 3976 not
1240 3927 1271 3977 be

55 3993 220 4059 munuca
238 4008 273 4070 by
284 4009 439 4072 conjecture.
507 4008 554 4058 ree
573 4010 623 4057 eres
634 4009 707 4059 wa.
729 4008 769 4057 ror
789 4010 825 4057 a:
842 4023 859 4056 v
879 4008 942 4056 1142
960 4009 982 4056 n
1000 4008 1049 4058 aas
1060 4011 1083 4057 a·
1101 4008 1140 4057 ror
1158 4009 1216 4056 sne

89 4075 149 4138 198
174 4091 350 4152 spicarumque
377 4102 439 4140 mss.
475 4088 553 4138 Bern.
580 4088 629 4138 has
657 4103 718 4138 seen
740 4089 799 4138 that
820 4088 849 4137 in
871 4088 917 4139 the
939 4090 1028 4139 lettera
1050 4102 1122 4144 noua
1145 4087 1189 4137 the
1211 4087 1270 4137 verb

52 4152 174 4219 ⁸1‘’ttrrrau
195 4169 280 4219 lurlrs:
309 4169 338 4219 in
360 4168 408 4218 236
430 4183 493 4218 mss.
515 4171 691 4232 multamquen'
714 4170 754 4219 for
775 4172 856 4219 multo
884 4173 991 4220 moeni:
1019 4169 1052 4218 he
1081 4168 1156 4218 reads
1183 4169 1270 4218 couru¹

52 4236 178 4303 ”¹⁰²>erer
196 4251 247 4313 but
261 4249 364 4301 whence
379 4263 467 4300 comes
484 4249 529 4299 the
546 4253 603 4313 epil
637 4251 730 4301 Ihave
747 4250 873 4301 therefore
890 4251 994 4301 written
1010 4254 1063 4314 ipre
1081 4252 1150 4300 euru’
1167 4265 1270 4300 uwoere.

52 4319 171 4385 ‘piritu
187 4348 246 4385 acer
261 4331 357 4385 Lech:
375 4332 421 4382 hut
438 4331 483 4382 the
501 4335 620 4384 sentence
636 4332 750 4394 requires
767 4348 783 4383 a
800 4332 867 4384 verb.
901 4335 1036 4395 epiclonem
1051 4331 1103 4382 and
1117 4329 1162 4381 the
1178 4331 1228 4381 like
1244 4332 1273 4382 of
