2834 4792
639 267 689 332 IV

180 446 282 510 usque
304 425 385 490 adeo
407 427 518 512 magni
539 427 647 503 refert,
668 436 707 492 ut
729 428 853 492 semina
875 429 999 514 possint

180 526 359 592 seminibus
380 529 578 594 commisceri
599 530 786 617 genitaliter
807 539 893 617 apta,

180 653 326 696 crassane
348 633 540 698 conveniant
562 634 693 720 liquidis
715 644 749 699 et
772 635 896 721 liquida
917 634 1037 701 crassis.

179 742 278 820 atque
300 735 336 799 in
357 758 396 800 eo
417 737 515 801 refert
537 759 601 822 quo
623 736 712 802 victu
734 737 803 802 vita
824 740 965 818 colatur3

180 861 321 925 namque
343 839 415 905 aliis
436 841 533 905 rebus
554 850 762 907 concrescunt
784 843 908 907 semina
929 841 1083 906 membris

179 949 278 1027 atque
301 942 374 1006 aliis
395 950 612 1008 extenvantur
634 945 812 1030 tabentque
835 943 985 1009 vicissim.

181 1049 215 1106 et
238 1043 356 1128 quibus
377 1045 448 1132 ipsa
468 1046 573 1111 modis
595 1056 755 1112 tractetur
776 1047 896 1113 blanda
918 1048 1077 1132 voluptas,

179 1145 215 1210 id
237 1169 365 1233 quoquo
386 1150 555 1237 permagni
576 1152 692 1231 refert3
722 1175 798 1215 nam
821 1172 908 1216 more
932 1152 1072 1215 ferarum

177 1250 488 1339 quadrupedumque
511 1254 615 1341 magis
637 1255 703 1319 ritu
726 1255 917 1341 plerumque
942 1262 1102 1339 putantur

179 1355 345 1441 concipere
368 1379 489 1434 uxores,
511 1358 588 1443 quia
609 1358 656 1422 sic
678 1359 747 1423 loca
768 1380 894 1423 sumere
917 1365 1060 1442 possunt,

178 1458 363 1542 pectoribus
384 1461 507 1546 positis,
529 1461 665 1528 sublatis
686 1461 812 1527 semina
835 1461 961 1527 lumbis.

180 1585 240 1627 nec
261 1564 374 1628 molles
396 1566 469 1651 opu'
491 1574 569 1630 sunt
591 1575 699 1631 motus
721 1567 876 1631 uxoribus
898 1565 1010 1630 hilum.

180 1688 256 1729 nam
279 1668 395 1732 mulier
416 1668 567 1754 prohibet
588 1691 621 1733 se
645 1668 811 1754 concipere
833 1678 932 1754 atque
954 1674 1124 1753 repugnat,

180 1769 329 1835 clunibus
351 1771 422 1856 ipsa
443 1771 505 1836 viri
527 1773 688 1836 Venerem
710 1772 738 1836 si
760 1772 847 1837 laeta
868 1779 1025 1836 retractat

179 1880 279 1958 atque
301 1882 446 1938 exossato
467 1874 533 1939 ciet
554 1875 643 1938 omni
664 1885 793 1960 pectore
816 1875 954 1955 fluctus;

180 1975 257 2040 eicit
279 1977 366 2040 enim
389 1976 515 2043 sulcum
537 1986 625 2043 recta
647 1979 776 2064 regione
799 1978 916 2063 viaque

179 2080 316 2145 vomeris
337 2089 436 2166 atque
459 2081 535 2146 locis
557 2082 677 2146 avertit
699 2081 831 2146 seminis
853 2081 964 2145 ictum

178 2181 276 2267 idque
298 2205 358 2248 sua
379 2206 476 2249 causa
498 2192 694 2250 consuerunt
716 2193 820 2250 scorta
843 2183 973 2261 moveri,

178 2308 220 2351 nc
242 2291 480 2375 complerentur
501 2291 611 2356 crebro
633 2290 849 2376 gravidaeque
871 2289 1014 2353 iacerent

180 2400 214 2455 et
235 2392 333 2457 simul
355 2394 426 2479 ipsa
448 2393 526 2458 viris
548 2393 660 2458 Venus
683 2402 721 2458 ut
744 2392 927 2458 concinnior
948 2399 1051 2469 esset;

179 2495 370 2583 coniugibus
393 2497 478 2583 quod
499 2497 547 2561 nil
568 2496 687 2562 nostris
709 2518 790 2582 opus
812 2519 881 2561 esse
904 2495 1041 2560 videtur.

223 2596 294 2661 Nec
316 2597 473 2662 divinitus
495 2598 659 2662 interdum
682 2599 882 2683 Venerisque
905 2597 1034 2684 sagittis

180 2699 336 2765 deteriore
358 2701 397 2765 fit
418 2710 458 2765 ut
480 2702 582 2766 forma
603 2702 793 2766 muliercula
814 2711 949 2766 ametur.

178 2825 254 2865 nam
277 2803 355 2867 facit
377 2804 448 2889 ipsa
468 2804 536 2869 suis
558 2804 724 2869 interdum
747 2805 868 2869 femina
889 2804 983 2869 factis

180 2906 410 2992 morigerisque
433 2907 536 2972 modis
558 2916 592 2973 et
615 2909 734 2972 munde
756 2931 886 2994 corpore
908 2908 1005 2985 culto,

181 3017 219 3073 ut
241 3009 333 3073 facile
354 3010 517 3075 insuescat
539 3020 568 3076 te
589 3033 698 3076 secum
720 3012 837 3098 degere
859 3012 969 3077 vitam.

180 3111 266 3196 quod
288 3122 444 3198 superest,
466 3114 663 3179 consuetudo
686 3116 857 3180 concinnat
878 3137 1037 3195 amorem3

179 3237 255 3278 nam
278 3215 393 3280 leviter
415 3216 562 3301 quamvis
584 3217 669 3303 quod
692 3218 801 3282 crebro
824 3217 976 3281 tunditur
997 3217 1074 3295 ictu,

179 3316 321 3383 vincitur
341 3318 377 3382 in
399 3318 493 3404 longo
516 3319 620 3405 spatio
643 3329 755 3384 tamen
777 3328 876 3405 atque
899 3319 1041 3384 labascit.
1190 3322 1269 3399 1285

180 3442 287 3485 nonne
309 3421 399 3486 vides
421 3422 520 3486 etiam
542 3431 656 3510 guttas
677 3423 712 3487 in
735 3446 812 3487 saxa
834 3423 979 3489 cadentis

176 3521 295 3586 umoris
316 3522 412 3610 longo
433 3524 468 3588 in
490 3525 596 3610 spatio
617 3526 812 3611 pertundere
834 3530 936 3590 saxa?

125 3687 197 3729 suot:
215 3694 298 3744 comp.
311 3683 375 3732 1188
382 3686 528 3746 poscaenia.
653 3687 715 3736 1259
735 3685 971 3735 armarentur
984 3686 1138 3747 Gracooquc;
1155 3697 1185 3733 as
1196 3685 1274 3747 refert

118 3763 226 3810 ueniant
242 3761 303 3812 does
319 3767 367 3813 not
383 3779 452 3814 seem
467 3765 546 3816 Latin
561 3780 614 3829 any
624 3780 695 3817 mora
710 3767 776 3816 than
790 3767 886 3816 111868
901 3767 1002 3828 differre
1013 3767 1105 3828 fucrit,
1120 3764 1173 3815 and
1189 3765 1274 3828 queis

118 3847 146 3893 ‚te
158 3844 327 3906 superfluous.
362 3851 511 3898 conveniant
522 3849 587 3898 Mar.
599 3848 656 3898 Ald.
670 3849 769 3899 liunt.
781 3849 821 3897 lor
831 3851 988 3898 conueniunt.
1134 3848 1195 3897 1262
1213 3849 1274 3897 aliia

118 3940 132 3976 r.
150 3925 215 3976 Van.
230 3925 296 3977 Mar.
311 3927 352 3977 lor
363 3930 422 3978 alii.
554 3932 617 3980 1268
634 3931 688 3982 Nec
705 3930 780 3983 Pont.
799 3930 865 3979 Mar.
882 3929 940 3978 Ald.
959 3930 972 3978 1
989 3929 1062 3980 Junt.
1081 3928 1122 3977 lor
1136 3929 1185 3977 Ne.
1217 3929 1275 3978 Non

118 4007 163 4059 nb.
296 4009 361 4060 1270
377 4017 499 4059 retractat
515 4010 546 4062 Β.
581 4017 699 4061 retractet
714 4011 737 4059 A
754 4010 808 4060 and
824 4010 860 4060 all
876 4010 951 4061 other
967 4024 1029 4059 mss.
1046 4007 1099 4059 and
1115 4007 1167 4058 eds.
1186 4007 1273 4058 before

118 4088 154 4140 th.
293 4092 355 4140 1281
372 4091 451 4140 modis
462 4090 538 4141 Pont.
548 4092 612 4142 Mar.
627 4091 701 4144 Jnnt.
715 4092 755 4142 for
765 4094 848 4142 nwria
989 4092 1052 4140 1282
1069 4089 1269 4142 terecamBent

125 4185 216 4221 cecam.
248 4185 329 4220 aecum
341 4186 386 4222 noa
399 4171 480 4222 Lech.
512 4175 554 4224 vir
568 4188 649 4224 aecum
663 4173 732 4224 Flor.
744 4174 777 4222 31
793 4173 882 4223 Gamb.
895 4172 963 4235 vulg.
983 4171 1085 4222 ‘Italiae
1100 4169 1182 4233 magis
1193 4185 1272 4232 qnam

118 4250 179 4302 inc'
190 4265 250 4315 says
259 4252 340 4304 Laoh.
