2834 4792
713 214 751 279 II

218 379 253 442 in
275 377 426 462 quoiam
447 399 565 464 genere
587 378 622 442 in
644 377 757 464 primis
778 378 988 444 adamantina
1009 401 1086 445 saxa

217 482 322 569 prima
343 483 410 547 acie
433 490 581 546 constant
603 481 688 546 ictus
710 491 915 548 contemnere
938 492 1033 548 sueta

217 596 251 653 et
274 586 372 651 validi
394 585 498 651 silices
519 608 557 650 ac
579 585 653 650 duri
674 585 787 650 robora
809 586 884 651 ferri

217 713 355 776 aeraque
377 712 460 775 quae
482 689 631 754 claustris
652 689 810 754 restantia
833 689 1055 755 vociferantur.

216 794 273 860 illa
295 793 426 880 quidem
447 792 569 856 debent
591 814 608 856 e
631 792 756 856 levibus
778 800 876 877 atque
898 792 1050 858 rutundis

216 919 286 962 esse
309 895 420 983 magis,
442 895 563 959 fluvido
586 917 669 981 quae
691 916 819 980 corpore
841 895 966 981 liquida
987 904 1155 976 constant3

219 1018 348 1071 niueos
370 1016 538 1059 rsrsvams
559 1016 698 1058 asuerus
720 1017 828 1058 msusr
848 1016 967 1058 moure
987 1017 1072 1070 ouon
1092 1016 1248 1069 naussum

217 1123 276 1165 nec
299 1099 482 1164 retinentur
504 1097 590 1162 enim
613 1097 700 1162 inter
722 1119 756 1162 se
778 1097 1009 1184 glomeramina
1032 1119 1179 1184 quaeque

218 1212 251 1268 et
273 1224 442 1288 procursus
463 1200 544 1265 item
567 1200 706 1287 proclive
729 1201 879 1266 volubilis
900 1209 1016 1267 exstat.
1274 1218 1338 1287 455

217 1305 325 1372 omnia
345 1312 507 1391 postremo
529 1326 611 1389 quae
634 1313 755 1390 puncto
777 1313 922 1390 tempore
945 1304 1049 1369 cernis

217 1407 382 1492 diffugere,
404 1416 443 1471 ut
466 1407 592 1470 fumum
614 1406 748 1471 nebulas
771 1406 988 1492 flammasque,
1010 1415 1181 1484 necessest,

218 1513 245 1578 si
268 1512 375 1577 minus
397 1511 539 1576 omnibu'
561 1523 639 1576 sunt
661 1533 679 1576 e
702 1512 826 1577 levibus
848 1520 947 1596 atque
968 1511 1129 1591 rutundis,

218 1625 253 1681 at
276 1639 339 1680 non
363 1637 431 1680 esse
455 1624 565 1680 tamen
587 1615 748 1701 perplexis
770 1615 970 1700 indupedita,

216 1740 361 1805 pungere
383 1717 434 1783 uti
455 1718 579 1803 possint
602 1740 715 1803 corpus
739 1726 973 1804 penetrareque
994 1739 1083 1784 vesca
1272 1723 1340 1800 460

216 1843 276 1885 nec
298 1828 408 1884 tamen
431 1819 561 1884 haerere
583 1820 669 1885 inter
691 1841 742 1899 se3
771 1821 996 1906 quodcumque
1019 1821 1166 1887 videmus

217 1923 355 1989 sensibu’
378 1923 537 2000 sedatum,
560 1923 651 1988 facile
674 1933 712 1989 ut
735 1946 922 2011 cognoscere
945 1925 1046 2010 possis

216 2048 281 2090 non
304 2047 321 2089 e
344 2025 504 2110 perplexis
528 2025 584 2090 sed
607 2026 711 2090 acutis
734 2048 804 2091 esse
827 2027 1004 2091 elementis.

216 2127 272 2193 sed
296 2127 381 2213 quod
404 2150 514 2192 amara
536 2128 625 2194 vides
647 2129 759 2194 eadem
783 2151 865 2215 quae
888 2129 1010 2194 fluvida
1031 2136 1190 2208 constant,

217 2231 314 2295 sudor
336 2231 385 2295 uti
410 2231 507 2295 maris
530 2240 588 2307 est,
612 2231 745 2296 minime
768 2232 915 2297 mirabile
937 2232 1075 2312 habet03
1272 2237 1336 2315 465

218 2356 293 2399 nam
317 2334 402 2420 quod
424 2334 564 2399 fluvidus
587 2343 645 2411 est,
668 2357 686 2399 e
710 2335 834 2400 levibus
856 2344 955 2422 atque
977 2335 1128 2401 rutundis

217 2448 275 2514 est,
298 2447 332 2502 et
354 2437 504 2522 squalido
526 2437 627 2502 multo
649 2446 757 2503 creuut
778 2438 924 2502 admixta
946 2438 1063 2502 doloris

217 2563 365 2626 corpora3
394 2563 452 2605 nec
476 2550 586 2605 tamen
609 2541 687 2606 haec
709 2541 841 2606 retineri
865 2542 996 2606 hamata
1018 2550 1233 2620 necessumst;

132 2810 172 2859 ior
184 2826 221 2868 ex,
234 2823 262 2859 as
274 2822 321 2858 our
332 2822 392 2858 mss.
408 2807 544 2858 elsewhere
555 2808 620 2859 have
632 2824 644 2858 e
655 2808 741 2858 before
753 2811 770 2858 l.
869 2810 917 2858 452
929 2824 1027 2873 corpore
1039 2809 1061 2859 A
1072 2823 1135 2860 corr.
1150 2809 1190 2860 for
1200 2827 1314 2875 corporo.

164 2891 212 2939 453
223 2887 314 2939 hamb.
326 2888 407 2952 justly
418 2888 508 2951 ejects:
526 2888 548 2939 15
559 2888 581 2938 15
592 2889 664 2951 quite
675 2892 720 2939 out
732 2890 759 2938 51
774 2889 860 2952 place:
878 2889 939 2939 does
954 2889 976 2940 it
990 2890 1056 2940 refer
1070 2893 1098 2940 to
1113 2905 1200 2954 poppy
1211 2891 1295 2955 seeds,
1309 2908 1340 2943 or

132 2988 217 3036 poppy
225 2972 308 3035 juice?
325 2971 353 3021 in
365 2970 410 3021 the
421 2970 516 3021 former
526 2985 585 3021 case
596 2972 618 3021 it
629 2971 651 3021 is
663 2976 765 3032 nutrire,
776 2971 804 3021 in
815 2970 860 3022 the
871 2972 948 3021 latter
958 2971 1132 3035 unmeaning:
1144 2972 1226 3022 Lech.
1238 2973 1338 3025 retains

131 3055 161 3114 it,
174 3054 225 3105 and
237 3055 276 3104 for
288 3056 353 3117 quod
364 3053 439 3103 reads
450 3056 523 3116 queri
535 3052 601 3103 alter
613 3054 648 3104 M.
659 3054 758 3116 Haupt.
907 3054 955 3103 455
963 3068 1096 3117 procursus
1108 3054 1191 3105 Mar?
1208 3054 1282 3104 Junt.
1296 3057 1338 3107 ior

127 3136 264 3198 perculsus.
373 3131 516 3182 eto-463:
534 3147 550 3182 a
561 3147 669 3195 passage
680 3132 810 3195 variously
821 3132 960 3184 emended:
976 3132 1021 3183 555
1032 3132 1144 3195 changes
1156 3134 1170 3183 I
1180 3133 1246 3184 have
1257 3137 1336 3186 made

131 3230 175 3266 era
187 3215 266 3278 slight
278 3215 330 3265 and
340 3216 354 3264 1
365 3214 443 3265 think
453 3219 500 3264 not
511 3213 677 3277 improbable.
808 3216 857 3264 456
868 3215 974 3265 omnibu'
985 3213 1075 3266 hamb.
1090 3215 1157 3265 after
1167 3216 1285 3266 Muretus
1297 3217 1338 3268 ior

132 3301 231 3353 omniu:
249 3312 332 3359 comp.
345 3311 372 3345 1v
387 3297 418 3344 62
430 3294 538 3344 whereI
555 3295 616 3345 read
631 3295 757 3346 Moenibu’
769 3296 810 3345 for
823 3298 934 3345 Moenia.
968 3300 1066 3346 omniuo
1080 3299 1133 3347 aiut
1148 3299 1243 3347 levibus
1257 3298 1337 3350 Pont.

131 3381 205 3430 Junt.
323 3378 371 3428 460
381 3392 451 3427 cereo
462 3376 511 3427 Ed.
526 3377 566 3425 ior
577 3391 654 3426 suaa:
672 3377 736 3427 with
744 3386 924 3442 penetrareque
935 3395 998 3429 roua
1009 3380 1036 3428 ο1
1052 3395 1115 3429 mss.
1127 3380 1167 3430 ior
1173 3389 1334 3448 penetrareg.

130 3478 203 3513 vesco
214 3475 295 3523 comp.
308 3475 335 3510 m
347 3460 394 3509 541
405 3474 579 3508 sumuuraosca
590 3460 619 3508 of
633 3474 694 3509 mss.
707 3459 747 3509 for
762 3475 920 3523 summersaq.
931 3476 1009 3520 souo3
1026 3460 1079 3511 and
1091 3463 1260 3514 5122955555
1270 3479 1336 3516 mss.

131 3545 170 3594 for
181 3560 252 3594 aare.
287 3546 348 3592 1555
358 3542 409 3591 Ed.
421 3542 549 3604 formerly.
585 3558 636 3592 sese
647 3543 727 3594 Lach.
863 3543 912 3592 462
922 3545 1035 3593 sedatum
1046 3544 1074 3594 oi
1083 3558 1145 3595 mss.
1158 3545 1171 3593 I
1183 3559 1241 3595 now
1252 3546 1337 3610 keep:

130 3625 166 3672 u'e
180 3625 258 3672 lerum
269 3621 317 3670 Ed.
330 3619 463 3682 formerly:
481 3618 560 3669 Lach.
572 3620 646 3670 reads
657 3621 705 3670 461
717 3617 859 3672 ueueuuuut
874 3622 914 3672 for
929 3624 1048 3685 uidemus,
1063 3622 1115 3672 and
1130 3623 1178 3672 462
1189 3625 1232 3673 sed
1248 3639 1337 3676 rarum

132 3704 171 3752 for
181 3704 300 3761 sedatum,
313 3700 419 3764 making
430 3705 481 3750 two
496 3700 615 3763 changes.
655 3703 742 3752 Veutia
757 3717 808 3752 ease
824 3704 910 3752 dutum
924 3703 1002 3753 Bam.
1018 3705 1149 3768 strangely
1160 3702 1200 3755 lor
1215 3706 1336 3757 aeuitur

131 3787 249 3836 sedarum.
286 3784 403 3834 Sentibus
420 3799 470 3833 esse
486 3785 572 3833 dutum
587 3782 671 3833 Faber
685 3784 860 3847 coniecturas:
877 3785 924 3835 but
938 3784 972 3834 he
987 3785 1076 3836 thinks
1091 3785 1154 3836 with
1167 3787 1259 3838 hamb.
1276 3787 1337 3838 that

132 3867 262 3916 461-463
279 3881 323 3916 are
340 3865 468 3928 spurious.
599 3866 647 3917 461
665 3868 841 3928 quodcumque.
876 3868 941 3929 quod
958 3869 1062 3929 quisque
1078 3868 1144 3917 Mar.
1161 3867 1234 3919 Junt.
1254 3870 1334 3933 vulg,

132 3949 245 4010 wrongly
260 3947 360 4010 joining
376 3945 430 3996 this
447 3946 532 3996 clause
548 3945 612 3996 with
628 3945 673 3996 the
689 3946 833 4010 preceding.
961 3948 1009 3997 465
1027 3949 1114 3998 hebeto
1131 3948 1179 4000 Ed.
1199 3949 1240 3999 for
1257 3952 1337 4003 debet.

133 4031 233 4078 latebis
244 4028 337 4078 Lach:
354 4026 401 4077 but
412 4026 445 4076 he
456 4026 547 4076 thinks
558 4029 628 4077 debet
639 4041 700 4090 may
710 4026 741 4077 be
752 4026 823 4090 right
838 4026 891 4077 and
902 4042 918 4077 a
928 4041 1000 4077 verse
1011 4027 1043 4078 be
1052 4029 1111 4091 lost,
1126 4028 1178 4080 and
1189 4029 1244 4080 this
1255 4031 1336 4083 Bam.

132 4125 256 4162 assumes
292 4118 328 4159 est
342 4111 443 4159 uiuime
454 4111 570 4159 mirabile
586 4110 724 4160 leuberedum
735 4110 750 4157 3
762 4108 819 4159 Vat.
836 4109 907 4161 Mon.
920 4108 978 4159 Ald.
991 4111 1005 4157 1
1017 4109 1091 4160 Junt.
1109 4111 1263 4162 ‘Marullus'
1275 4127 1337 4177 says

133 4193 186 4241 Gis.
198 4195 316 4256 cuiquam
328 4191 380 4242 (111.
411 4191 464 4241 ‘Ita
475 4206 498 4240 v.
507 4190 537 4240 l.’
547 4191 590 4242 ie.
602 4191 660 4241 Ver.
670 4191 734 4240 Ven.
743 4191 776 4240 55
786 4191 884 4253 having
894 4191 940 4241 the
950 4192 1028 4242 latter
1038 4191 1125 4242 before
1135 4192 1192 4242 him
1203 4192 1266 4244 with
1278 4195 1337 4247 Ma·

132 4274 222 4323 rullus’
238 4289 287 4323 ms.
302 4272 495 4333 emendations;
512 4287 607 4335 among
622 4271 706 4322 which
724 4272 851 4322 Marullus
865 4272 919 4323 had
932 4272 1047 4322 inserted
1061 4273 1106 4323 the
1122 4272 1229 4336 reading
1247 4274 1276 4325 oi
1290 4275 1336 4326 his

133 4370 182 4404 ms.
200 4355 286 4405 Mon:
304 4355 375 4404 Brix.
393 4353 470 4405 omits
489 4353 534 4404 the
550 4354 628 4404 word.
732 4353 780 4402 466
791 4355 907 4416 fluvidus
924 4361 966 4403 eat.
993 4356 1120 4417 fluvidum
1136 4362 1172 4404 est
1189 4353 1248 4405 Ver.
1266 4355 1334 4408 Van.
