2834 4792
506 818 545 891 T.
588 816 818 892 LUORETI
863 816 988 892 CARI

381 1081 471 1164 DE
531 1078 778 1164 RERUM
839 1078 1128 1165 NATURA

595 1392 727 1451 LIBER
756 1393 919 1453 SEXTUS

241 1755 368 1820 Primae
391 1753 570 1841 frugiparos
592 1754 678 1817 fetus
701 1752 892 1818 mortalibus
913 1754 1018 1839 aegris

238 1855 426 1920 dididerunt
448 1854 610 1941 quondam
633 1855 795 1940 praeclaro
817 1854 946 1919 nomine
970 1855 1119 1920 Athenae

239 1968 272 2025 et
295 1968 520 2024 recreaverunt
543 1957 645 2022 vitam
667 1957 819 2043 legesque
840 1968 1007 2044 rogarunt,

240 2072 273 2128 et
296 2063 419 2149 primae
443 2062 603 2127 dederunt
626 2061 743 2126 solacia
765 2061 871 2126 dulcia
895 2062 990 2139 vitae,

238 2188 312 2229 cum
334 2187 475 2251 genuere
499 2165 605 2229 virum
628 2164 688 2229 tali
711 2186 785 2228 cum
808 2167 901 2230 corde
924 2175 1098 2251 repertum,

242 2268 350 2332 omnia
371 2269 511 2333 veridico
534 2268 590 2354 qui
613 2268 775 2354 quondam
798 2291 837 2333 ex
860 2291 913 2333 ore
936 2268 1097 2354 profudit;

241 2369 333 2434 cuius
355 2378 389 2434 et
412 2369 550 2434 extincti
572 2378 704 2455 propter
725 2370 835 2433 divina
858 2379 985 2455 reperta

239 2471 405 2558 divolgata
427 2480 522 2536 vetus
545 2471 609 2535 ianr
633 2470 675 2534 ad
697 2472 822 2535 caelum
845 2472 947 2558 gloria
970 2473 1078 2538 fertur.

240 2597 317 2639 narn
340 2597 414 2638 cum
438 2574 521 2638 vidit
543 2573 596 2638 hic
618 2573 659 2639 ad
683 2575 805 2638 victum
829 2597 911 2660 quae
935 2575 1060 2660 flagitat
1083 2598 1161 2641 usus

239 2678 348 2743 omnia
369 2678 435 2743 iam
458 2678 558 2743 ferme
581 2679 771 2743 mortalibus
794 2701 862 2743 esse
885 2689 999 2765 parata

238 2789 280 2858 et,
302 2803 458 2868 proquam
482 2790 600 2867 posset,
623 2782 724 2846 vitam
748 2782 922 2848 consistere
945 2793 1060 2861 tutam,

239 2884 363 2950 divitiis
385 2885 531 2950 homines
553 2895 587 2949 et
610 2886 729 2949 honore
752 2895 786 2950 et
809 2886 903 2950 laude
926 2889 1070 2972 potentis

240 2988 371 3053 affluere
394 2995 493 3074 atque
516 2988 600 3053 bona
621 2996 793 3075 gnatorum
818 2990 972 3054 excellere
995 2991 1088 3067 fama,

240 3112 299 3155 nec
321 3090 429 3155 minus
453 3113 521 3156 esse
543 3091 631 3155 domi
654 3091 805 3178 cuiquam
828 3100 939 3157 tamen
961 3093 1057 3158 anxia
1079 3095 1182 3171 corda,

239 3203 338 3280 atque
360 3194 462 3258 animi
484 3194 621 3281 ingratis
643 3194 746 3258 vitam
769 3218 884 3260 vexare
907 3197 974 3261 siue
997 3197 1063 3262 ullu
1318 3211 1353 3277 15

238 3319 340 3382 pausa
361 3305 460 3383 atque
483 3297 610 3361 infestis
633 3298 722 3383 cogei
745 3298 867 3362 saevire
890 3298 1049 3383 querellis,

182 3483 198 3531 1
211 3484 360 3546 frugiparos
372 3483 424 3533 AB.
455 3485 595 3547 frugiferos
605 3484 629 3532 A
640 3499 705 3534 corr.
718 3484 788 3534 Nica.
800 3484 854 3535 and
865 3485 929 3535 later
940 3499 1002 3535 mss.
1015 3485 1068 3535 and
1078 3485 1130 3537 eds.
1144 3486 1230 3535 before
1241 3485 1315 3535 Wak.

183 3567 200 3614 4
217 3568 313 3616 semela
323 3565 394 3616 Nico.
407 3567 447 3615 lor
457 3569 543 3618 solari.
640 3569 656 3619 7
673 3570 779 3618 extincti
791 3568 856 3617 Mar.
869 3568 926 3619 Ald.
943 3569 956 3615 1
969 3567 1042 3619 lunt.
1057 3568 1097 3616 for
1108 3571 1227 3618 eeliuela.
1325 3567 1359 3616 10

158 3650 306 3698 mortalibus
317 3648 388 3698 Nico.
401 3648 441 3698 lor
452 3650 613 3698 acortelr'bus.
702 3650 732 3697 11
746 3664 868 3712 proquam
875 3657 959 3713 posset
969 3648 1049 3700 Lach.
1063 3650 1102 3699 for
1110 3664 1234 3712 proquam
1240 3655 1358 3712 possent:

152 3745 169 3780 a
184 3730 277 3794 simplo
292 3728 345 3780 and
360 3731 458 3780 certain
475 3730 617 3781 conection
632 3731 659 3782 of
674 3746 690 3781 a
706 3731 875 3781 much-rexed
889 3747 1001 3795 passage.
1033 3748 1081 3796 per
1099 3749 1162 3795 quae
1174 3738 1274 3795 possent
1290 3730 1357 3780 Mar.

154 3811 251 3862 Arana.
286 3811 398 3874 Madvig,
415 3811 534 3862 deceived
549 3812 583 3874 by
600 3811 847 3877 thiauconjeetured
863 3813 891 3862 in
908 3814 1071 3863 Henrichsen
1088 3813 1119 3863 de
1137 3814 1200 3874 frag.
1219 3813 1292 3862 Gott.
1308 3827 1356 3875 per

155 3905 219 3953 quae
227 3897 328 3953 possent
337 3892 394 3939 rita
405 3905 426 3940 a.
439 3897 503 3939 lura.
537 3890 627 3940 Lamb.
639 3890 691 3940 and
703 3891 798 3940 Oreech
810 3892 905 3941 obelise
920 3891 965 3942 the
980 3907 1059 3941 verse.
1191 3893 1221 3940 13
1238 3892 1356 3941 erpellere

154 3968 220 4017 Mar.
243 3967 301 4018 ald.
320 3970 334 4017 l
351 3969 425 4018 lunt.
449 3969 489 4025 lor
512 3971 620 4018 excolere
636 3970 659 4017 A
675 3969 754 4030 Nica,
774 3972 893 4020 excellere
910 3970 950 4034 Β.)
983 3971 1099 4020 extollere
1122 3969 1189 4021 Flor.
1210 3970 1241 4017 31
1265 3968 1355 4018 (lamb.

151 4051 230 4101 Pont.
329 4051 361 4100 14
378 4054 453 4102 corde
471 4053 536 4102 Mar.
548 4052 719 4102 AlarJunt.
732 4052 772 4101 for
786 4054 864 4101 cordi⁸
964 4053 994 4100 15
1012 4052 1129 4115 querellis
1146 4051 1175 4100 of
1189 4065 1252 4100 mss.
1264 4049 1312 4099 has
1329 4049 1361 4100 ol

151 4148 245 4184 course
258 4147 330 4184 come
346 4135 413 4183 from
430 4135 461 4184 16
477 4134 530 4184 and
544 4134 592 4184 has
609 4134 764 4197 supplanted
780 4134 825 4184 the
839 4133 923 4184 words
938 4135 965 4185 ol
979 4134 1054 4184 Lacr.
1069 4132 1126 4183 who
1141 4137 1220 4183 wrote
1232 4136 1285 4182 siue
1300 4134 1357 4182 ulla

146 4217 235 4268 Pausa
261 4225 343 4280 atque.
378 4217 458 4268 Laoh.
476 4217 575 4267 retains
595 4218 713 4279 querellis
731 4216 792 4267 here
808 4216 860 4266 and
877 4217 905 4266 in
923 4217 954 4266 16
972 4215 1046 4266 reads
1063 4217 1356 4280 Passimque...perlells.

146 4301 215 4362 copel
228 4298 318 4361 Lech„
333 4302 388 4364 rogi
400 4299 500 4360 Isamb.⁵
516 4298 613 4361 rightly
624 4300 664 4349 for
675 4306 755 4361 copel:
773 4314 789 4349 a
800 4313 919 4348 common
931 4295 1078 4360 corruption
1090 4296 1118 4345 in
1130 4311 1178 4346 our
1188 4311 1251 4348 mss.
1287 4298 1352 4350 Mar.

148 4381 247 4430 Arana.
265 4379 338 4429 lunt.
355 4387 460 4443 corrupt
477 4379 521 4429 the
537 4394 646 4442 passage
662 4380 769 4442 greatly.
808 4378 900 4428 Lamb.
918 4378 1036 4428 followed
1055 4377 1088 4440 by
1108 4377 1160 4428 Gir.
1180 4377 1283 4443 Oreeeh,
1304 4382 1352 4435 eto.
