2834 4792
692 225 710 289 I

188 409 249 452 nec
270 409 352 474 quos
374 409 522 473 quaeque
545 387 660 451 darent
680 395 783 451 matris
800 386 950 472 pepiyere
967 386 1117 473 profecto,

189 491 247 557 scd
269 493 347 578 quia
369 491 475 557 multa
497 492 602 556 modis
624 491 738 556 multis
760 499 889 555 mutata
909 513 969 576 per
990 512 1085 556 omne

188 617 230 659 cx
252 593 382 661 infinito
404 606 565 660 vexantur
585 594 711 681 percita
732 594 846 680 plagis,

190 719 286 762 omne
308 720 412 784 genus
433 706 544 763 motus
564 706 601 763 et
620 706 734 762 coetus
755 697 955 782 experiundo

193 803 326 868 tandem
349 802 527 868 deveniunt
549 803 584 867 in
606 802 682 867 talis
703 802 924 887 disposituras,

191 905 342 990 qualibus
364 905 444 970 haec
465 928 574 970 rerum
596 905 744 970 consistit
766 928 894 970 summa
916 914 1032 979 creata,

191 1017 225 1074 et
247 1011 369 1074 multos
390 1010 491 1075 etiam
515 1032 649 1097 magnos
671 1018 800 1103 serrata
821 1032 881 1096 per
902 1031 1004 1073 annos

192 1124 230 1176 ut
253 1112 353 1177 semel
375 1111 410 1176 in
433 1121 542 1176 motus
565 1112 741 1177 coniectast
763 1113 993 1188 convenientis,

191 1216 290 1280 efficit
312 1227 351 1281 ut
374 1216 472 1302 largis
493 1216 626 1280 avidum
649 1238 737 1281 mare
759 1216 903 1280 fluminis
924 1215 1021 1279 undis

191 1318 358 1405 integrent
379 1343 491 1384 amnes
513 1331 547 1384 et
570 1320 646 1384 solis
669 1331 755 1384 terra
780 1341 896 1404 vapore

192 1424 261 1488 fota
282 1433 380 1489 novet
403 1425 489 1490 fetus
512 1425 747 1509 summissaque
768 1445 849 1510 gens
870 1423 1076 1486 animantum

194 1528 307 1593 floreat
330 1541 365 1593 et
386 1529 499 1594 vivant
523 1529 669 1593 labentes
690 1528 832 1592 aetheris
854 1527 967 1613 ignes3

192 1630 279 1716 quod
300 1631 389 1695 nullo
412 1631 554 1696 facerent
577 1638 673 1716 pacto
694 1631 757 1694 nisi
779 1630 928 1695 materiai

190 1755 231 1797 ex
254 1733 383 1798 infinito
405 1734 542 1798 suboriri
564 1733 656 1820 copia
677 1741 794 1819 posset,

192 1835 279 1900 unde
302 1837 419 1901 amissa
441 1838 545 1902 solent
568 1858 715 1922 reparare
737 1836 772 1899 in
794 1845 938 1919 tempore
962 1856 1118 1920 quaeque.

192 1962 268 2004 nam
292 1941 395 2006 veluti
417 1941 545 2026 privata
568 1941 639 2005 cibo
661 1948 779 2004 natura
800 1939 1006 2002 animantum

191 2043 313 2107 diffluit
335 2044 490 2108 amittens
512 2065 635 2129 corpus,
657 2042 703 2107 sic
725 2041 834 2105 omnia
862 2040 984 2105 debent

193 2147 326 2212 dissolui
348 2147 446 2212 simul
467 2169 505 2212 ac
527 2147 646 2212 defecit
667 2145 875 2231 suppeditare

196 2251 349 2315 materies
370 2250 480 2336 aliqua
503 2250 629 2314 ratione
651 2270 763 2313 aversa
785 2246 858 2312 viai.
1138 2332 1141 2337 Ι

192 2376 252 2417 nec
275 2354 389 2441 plagae
412 2362 548 2439 possunt
571 2352 770 2418 extrinsecus
793 2350 937 2436 undique
959 2371 1118 2414 summam

195 2479 382 2522 conservare
404 2480 533 2522 omnem
556 2478 779 2544 quaecumque
802 2464 852 2520 est
874 2454 1052 2520 conciliata

193 2561 310 2625 cudere
333 2562 421 2625 enim
444 2562 555 2626 crebro
578 2569 713 2647 possunt
735 2569 926 2645 partemque
949 2559 1074 2635 morari,

195 2665 274 2728 dum
297 2665 429 2730 veniant
451 2665 534 2730 aliae
557 2688 593 2730 ac
617 2663 760 2751 suppleri
782 2685 910 2728 summa
931 2672 1078 2749 queatur.

193 2767 358 2831 interdum
381 2768 503 2833 resilire
527 2777 637 2833 tamen
660 2776 820 2852 coguntur
842 2776 875 2832 et
898 2790 963 2832 una

192 2872 359 2957 principiis
381 2894 490 2936 rerum
514 2873 658 2957 spatium
682 2881 875 2958 tempusque
897 2872 987 2959 fugai

191 2975 311 3060 largiri,
334 2983 372 3039 ut
394 2975 520 3060 possint
543 2997 563 3038 a
585 2984 680 3041 coetu
703 2975 805 3040 libera
828 2976 912 3040 ferri.

191 3100 290 3163 quare
314 3078 413 3142 etiam
436 3086 535 3163 atque
558 3079 657 3142 etiam
681 3078 818 3143 suboriri
840 3080 946 3143 multa
967 3087 1136 3154 necessest,

192 3188 358 3245 ettamen
382 3190 420 3245 ut
442 3180 557 3267 plagae
580 3202 707 3266 quoque
729 3180 852 3266 possint
875 3189 1052 3265 suppetere
1074 3180 1172 3266 ipsae,
1229 3195 1311 3262 1050

191 3283 321 3348 infinita
343 3306 423 3370 opus
446 3292 495 3348 est
518 3284 567 3348 vis
590 3283 733 3369 undique
756 3283 912 3348 materiai.

236 3387 324 3451 Illud
346 3389 381 3452 in
403 3387 454 3453 his
476 3387 573 3452 rebus
596 3387 690 3475 longe
713 3389 789 3475 fuge
811 3387 948 3462 credere,
973 3387 1116 3463 Memmi,

192 3491 228 3556 in
249 3491 394 3556 medium
417 3512 571 3568 summae,
594 3492 679 3576 quod
702 3492 823 3568 dicunt,
847 3492 954 3556 omnia
975 3491 1048 3568 niti,

191 3602 290 3679 atque
313 3594 385 3659 ideo
408 3593 522 3659 mundi
544 3602 695 3658 naturam
717 3605 802 3660 stare
824 3596 893 3660 sine
916 3595 991 3660 ullis
1284 3668 1287 3674 ⁴

191 3696 311 3762 ictibus
334 3697 475 3761 externis
497 3718 603 3782 neque
625 3719 787 3783 quoquam
810 3720 902 3784 posse
925 3698 1040 3762 resolvi
1230 3715 1286 3781 105
1292 3713 1308 3780 5

107 3963 177 4014 what
187 3963 221 4013 he
233 3962 255 4013 is
267 3962 356 4026 taking
367 3964 434 4013 from
447 3963 543 4014 others.
655 3965 718 4014 1028
729 3979 811 4013 rerum
822 3963 904 4013 Faber
915 3962 969 4013 and
979 3963 1064 4013 Bentl.
1077 3963 1144 4012 from
1155 3977 1173 4012 r
1184 3964 1232 4014 194
1243 3967 1312 4013 most

103 4043 201 4107 rightly
212 4045 342 4094 terrebas
442 4045 505 4094 1033
516 4047 692 4108 summissaque
704 4045 779 4094 Pont.
792 4045 856 4095 Mar.
870 4045 944 4094 Junt.
956 4045 996 4093 for
1006 4059 1155 4108 summum.
1248 4045 1312 4094 1034

104 4128 208 4176 Floreat
218 4126 287 4177 Flor.
302 4127 333 4176 31
346 4125 435 4176 (lamb.
447 4130 495 4177 etc.
509 4126 550 4176 for
555 4129 673 4190 floreant.
775 4127 838 4176 1040
848 4129 963 4176 Dirrolui
975 4126 1047 4176 Nico.
1058 4127 1080 4176 B
1094 4140 1160 4176 corr.
1173 4126 1214 4176 lor
1223 4129 1310 4177 Disso-

105 4209 162 4258 luit.
259 4208 322 4257 1041
334 4210 389 4257 uiui
401 4208 423 4256 B
435 4222 500 4258 corr.
513 4209 590 4270 vulgo
601 4208 705 4258 forcia.
738 4209 827 4271 viaque
838 4207 934 4259 Lach.:
951 4207 998 4257 but
1009 4211 1108 4258 ratione
1120 4209 1212 4272 uiaque
1224 4208 1311 4271 surely

106 4304 196 4340 means
216 4289 263 4354 ‘by
279 4290 386 4341 method
402 4290 456 4341 and
472 4293 595 4354 systsm':
619 4306 661 4341 see
678 4291 730 4341 (lic.
747 4291 777 4341 de
794 4291 839 4340 fin.
855 4306 865 4340 1
883 4293 914 4342 29
931 4293 1074 4341 strattone
1091 4299 1115 4341 et
1131 4293 1177 4341 viu
1189 4293 1311 4354 procedat

104 4375 195 4422 oratio.
257 4373 320 4424 1047
331 4373 473 4437 Principiis
484 4372 549 4424 Mar.
561 4372 688 4424 mauros
696 4375 859 4437 principium.
921 4374 984 4423 1061
996 4375 1033 4421 Et
1043 4375 1131 4422 simili.
1144 4372 1223 4422 Lach.
1235 4372 1312 4423 reads
