2834 4792
741 180 778 246 11

217 395 221 403 .
244 342 372 408 reddita
393 341 577 428 corporibus
598 341 711 427 primis
732 364 791 428 per
811 342 908 407 inane
930 343 1136 430 profundum,

243 446 300 511 sed
322 446 426 532 magis
447 443 582 509 adsiduo
603 444 756 530 varioque
778 446 921 511 exercita
942 455 1035 511 motu

244 549 364 637 partim
385 549 566 615 intervallis
587 549 715 636 magnis
736 550 881 615 confulta
900 550 1071 628 resultant,

243 676 318 740 pars
339 652 440 718 etiam
461 652 613 717 breuibus
634 651 749 738 spatiis
772 661 932 717 vexantur
952 652 995 717 ab
1016 653 1093 718 ictu

244 768 278 822 et
301 777 522 842 quaecumque
545 755 649 842 magis
670 754 830 820 condenso
852 755 1025 821 conciliatu

244 859 371 946 exiguis
392 859 571 924 intervallis
593 868 747 924 convecta
768 859 939 937 resultant,

245 963 436 1050 indupedita
457 964 525 1027 suis
546 963 707 1050 perplexis
729 964 799 1049 ipsa
820 964 942 1050 liguria,

245 1069 324 1133 haec
346 1065 468 1131 validas
490 1066 559 1132 saxi
581 1066 704 1132 radices
725 1073 760 1131 et
782 1067 850 1132 fera
871 1067 946 1132 ferri

245 1192 375 1255 corpora
396 1169 602 1234 constituunt
624 1177 659 1233 ct
681 1178 789 1234 cetera
810 1168 850 1235 de
870 1191 989 1256 genere
1012 1168 1128 1234 horum

244 1274 383 1362 paucula
404 1295 487 1359 quae
509 1296 603 1359 porro
624 1295 779 1360 magnum
801 1274 977 1359 perinane
999 1282 1168 1361 vagantur.

244 1388 351 1444 cetera
372 1376 537 1440 dissiliunt
559 1376 653 1462 louge
677 1376 837 1462 longeque
858 1386 1025 1441 recursant

244 1483 279 1547 in
302 1479 428 1567 magnis
449 1479 645 1543 intervallis:
676 1478 756 1544 haec
778 1502 853 1543 aera
874 1503 983 1544 rarum

244 1582 408 1649 sufficiunt
430 1581 522 1645 uobis
544 1590 579 1646 et
601 1580 768 1667 splendida
791 1582 914 1646 lumina
935 1583 1018 1648 solis

244 1686 412 1770 multaque
434 1694 602 1770 praeterea
624 1707 778 1772 magnum
801 1708 859 1772 per
880 1686 976 1751 inane
999 1695 1168 1773 vagantur,

244 1789 386 1855 conciliis
407 1811 515 1854 rerum
537 1811 620 1874 quae
642 1798 719 1854 sunt
742 1789 863 1854 reiecta
884 1812 943 1855 nec
965 1812 1103 1876 usquam

245 1893 423 1960 consociare
446 1893 546 1956 etiam
569 1901 676 1957 motus
698 1901 833 1978 potuere
855 1904 992 1978 recepta

245 1998 345 2073 ouius,
369 1996 419 2061 uti
442 2017 590 2071 memoro,
613 1997 661 2060 rei
682 1996 890 2062 simulacrum
913 2006 947 2062 et
969 1996 1077 2084 imago

245 2110 322 2168 ante
344 2101 452 2165 oculos
474 2122 601 2186 semper
623 2101 715 2165 nobis
738 2111 883 2167 versatur
905 2111 939 2167 et
961 2101 1071 2167 instat.

245 2205 479 2289 contemplator
501 2203 599 2281 enim,
622 2225 696 2268 cum
719 2205 794 2269 solis
817 2204 941 2270 lumina
963 2228 1102 2291 cumque

245 2309 359 2374 inserti
382 2308 524 2373 fundunt
546 2307 628 2372 radii
651 2329 830 2393 peropaca
852 2309 1037 2374 domorum:

246 2412 350 2476 multa
372 2411 500 2475 minuta
522 2411 625 2474 modis
646 2410 760 2475 multis
781 2432 839 2496 per
861 2411 957 2475 inane
980 2411 1104 2476 videbis

246 2537 375 2601 corpora
397 2514 524 2579 misceri
545 2515 707 2579 radiorum
730 2515 852 2580 lumine
874 2516 909 2580 in
931 2515 1001 2600 ipso

246 2628 280 2685 et
304 2619 393 2683 velut
415 2626 546 2682 aeterno
569 2617 745 2683 certamine
767 2617 888 2703 proelia
909 2641 1037 2706 pugnas

246 2724 339 2789 edere
362 2722 531 2787 turmatim
554 2722 712 2787 certantia
734 2744 793 2787 nec
815 2723 891 2787 dare
915 2745 1057 2808 pausam,

246 2825 388 2892 conciliis
411 2835 446 2890 et
467 2825 609 2890 discidiis
632 2826 773 2891 exercita
794 2826 932 2907 crebris;

245 2930 388 2996 conicere
411 2937 448 2992 ut
471 2928 573 3014 possis
595 2950 635 2993 ex
658 2928 725 3003 hoc,
749 2928 924 3014 prim0rdia
944 2951 1053 2994 rerum

247 3033 341 3120 quale
364 3033 408 3096 sit
430 3033 463 3095 in
487 3053 604 3117 magno
626 3032 740 3095 iactari
762 3053 889 3116 semper
910 3032 1007 3098 inani.

247 3139 417 3203 dumtaxat
438 3158 546 3201 rerum
569 3158 758 3221 magnarum
780 3158 878 3222 parva
900 3145 1007 3220 potest
1029 3159 1080 3202 res

249 3239 431 3324 exemplare
454 3237 530 3302 dare
553 3246 587 3302 et
610 3238 749 3324 vestigia
770 3239 908 3304 notitiai

248 3343 308 3407 hoo
330 3344 430 3408 etiam
453 3342 557 3428 magis
579 3343 658 3408 haec
680 3342 826 3407 animum
849 3351 883 3408 te
905 3343 1073 3409 advertere
1096 3366 1155 3430 par
1177 3355 1227 3410 est
1303 3365 1315 3410 1
1370 3339 1412 3391 Ἰ

249 3467 379 3530 corpora
401 3467 483 3529 quae
507 3445 541 3508 in
563 3444 637 3509 solis
659 3444 757 3508 radiis
780 3444 911 3509 turbare
933 3445 1093 3522 videntur,

249 3547 334 3632 quod
356 3547 438 3611 tales
461 3547 575 3612 turbae
599 3555 707 3611 motus
730 3569 857 3633 quoque
880 3547 1029 3613 materiai

164 3818 271 3868 Vossius
288 3819 316 3868 in
333 3834 380 3869 ms.
401 3824 483 3870 notes.
609 3824 640 3874 98
657 3825 771 3886 consulta
787 3838 849 3872 mss.
867 3822 920 3873 and
937 3838 965 3873 so
982 3823 1058 3874 Pont.
1075 3824 1172 3875 Arane.
1190 3825 1252 3876 Pius
1268 3817 1412 3883 aare*

164 3903 225 3951 sus.
262 3905 375 3952 casura
397 3902 454 3952 uer.
472 3903 536 3953 Van.
554 3904 607 3954 ou.
640 3905 756 3966 conflua
774 3907 789 3953 s
806 3904 865 3954 va.
883 3905 948 3955 uer.
969 3906 1042 3957 sunt.
1059 3906 1152 3958 sams.
1171 3907 1211 3958 eu
1230 3910 1244 3959 1
1266 3908 1319 3961 aar
1383 3887 1404 3946 2

165 3982 239 4032 Wak.
256 3983 357 4032 Creeoli
393 3990 496 4034 contuso
513 3984 602 4036 Lamb.
623 3983 662 4035 ed.
679 3986 703 4034 3.
736 3987 856 4049 conpulso
873 3986 965 4036 Heius.
982 3987 1010 4036 in
1027 4003 1076 4038 ms.
1093 3992 1177 4040 notes.
1392 4046 1398 4057 ‚

197 4063 228 4113 99
241 4064 354 4111 brevibus
366 4062 435 4113 Nico.
447 4063 488 4112 for
499 4066 606 4114 brevius.
721 4065 768 4113 112
779 4081 883 4116 ammoro
893 4069 931 4116 rei
943 4066 1002 4116 Vat.
1015 4067 1079 4119 1706
1089 4067 1152 4130 Reg-
1166 4069 1256 4133 (‘olim
1267 4058 1399 4121 Nmow

165 4144 290 4207 Heinsii')
302 4145 376 4194 Pont.
388 4147 485 4197 Avanc.
497 4147 565 4210 vulg.
577 4148 617 4197 for
627 4163 744 4198 summor
754 4150 801 4200 rei.
918 4149 965 4198 118
973 4152 1073 4213 proelio
1080 4166 1180 4214 papum
1191 4171 1198 4204 τ
1214 4166 1244 4203 so
1255 4167 1284 4204 Π
1295 4133 1395 4205 1009·

162 4227 262 4288 proelia
274 4242 420 4290 paruosque
438 4227 529 4278 Gamb.
546 4228 618 4279 Nico.
635 4243 701 4278 corr.
718 4228 784 4278 Mar.
802 4228 875 4279 Junt.
892 4231 1014 4294 wrongly.
1136 4233 1183 4284 125
1199 4237 1282 4298 mopir
1298 4227 1391 4286 w·

167 4308 284 4357 ‘MarulL
301 4313 392 4359 contra
409 4324 432 4359 v.
450 4309 468 4360 1.
485 4309 628 4374 scripserat,
647 4312 709 4362 huc’
727 4310 792 4361 Gir:
810 4311 874 4362 both
890 4312 948 4363 Ald.
966 4314 980 4362 1
1001 4312 1053 4364 and
1072 4313 1144 4366 Junt.
1162 4315 1229 4368 have
1247 4332 1319 4382 oropo
1334 4297 1392 4366 aa
