2834 4792
659 266 707 331 IV

168 456 242 497 cum
264 454 340 497 vero
361 432 510 496 deorsum
532 453 590 517 per
612 431 719 495 fauces
740 429 975 516 praecipitavit,

168 536 257 601 nulla
279 535 427 620 voluptas
450 542 509 611 est,
530 534 610 598 dum
632 533 756 625 diditur
778 533 882 598 omnis
903 533 939 597 in
961 541 1057 596 artus.

169 663 227 704 nec
248 639 347 704 refert
368 637 541 724 quicquam
563 659 628 723 quo
650 637 740 701 victu
762 658 875 722 corpus
897 637 1013 713 alatur,
1217 637 1282 716 630

169 740 342 806 dummodo
364 739 450 826 quod
472 739 580 824 capias
601 746 788 804 concoctum
811 738 920 802 didere
942 737 1043 824 possis

168 844 303 909 artubus
325 852 359 908 et
381 843 538 908 stomachi
558 842 742 907 umidulum
765 864 890 907 servare
913 849 1066 906 tenorem.

212 949 311 1014 Nunc
333 948 405 1013 aliis
426 947 510 1012 alius
532 947 590 1034 qui
612 947 656 1011 sit
678 946 761 1011 cibu'
784 946 892 1011 suavis
914 957 948 1010 et
970 945 1074 1009 almus

168 1052 345 1139 expediam,
367 1073 514 1138 quareve,
537 1050 611 1115 aliis
633 1050 719 1135 quod
741 1051 834 1115 triste
857 1059 891 1115 et
913 1059 1099 1125 amarumst,

168 1156 227 1221 hoc
249 1165 360 1221 tamen
382 1177 451 1220 esse
473 1155 545 1219 aliis
567 1155 669 1241 possit
690 1154 841 1240 perdulce
864 1155 976 1230 videri,
1216 1155 1277 1235 635

167 1269 324 1346 tantaque
345 1261 381 1324 ia
404 1259 454 1324 his
476 1259 572 1324 rebus
594 1258 751 1323 distantia
771 1258 1003 1343 differitasque,

166 1373 205 1429 ut
228 1363 313 1449 quod
335 1363 379 1427 ali
401 1363 492 1427 cibus
514 1371 564 1427 est
586 1361 659 1427 aliis
681 1362 752 1426 fuat
774 1384 845 1425 acre
868 1383 1038 1436 venenum,

167 1476 321 1552 extatque
343 1475 382 1532 ut
405 1488 543 1552 serpens,
567 1465 705 1530 hominis
728 1487 810 1550 quae
833 1473 922 1529 tacta
946 1465 1055 1528 salivis

167 1569 302 1655 disperit
324 1592 361 1634 ac
382 1591 451 1634 sese
475 1569 657 1633 mandendo
679 1567 808 1632 conficit
830 1567 907 1653 ipsa

168 1682 336 1760 praeterea
356 1673 449 1737 nobis
471 1681 635 1737 veratrum
658 1680 709 1736 est
730 1695 802 1736 acre
825 1694 995 1747 venenum,
1216 1674 1281 1750 640

166 1786 203 1842 at
224 1777 328 1862 capris
350 1776 462 1862 adipes
484 1784 518 1841 et
540 1776 760 1840 coturnicibus
781 1784 888 1861 auget.

166 1890 205 1946 ut
227 1880 346 1966 quibus
368 1881 403 1944 id
424 1880 484 1944 fiat
505 1880 601 1944 rebus
623 1901 812 1966 cognoscere
834 1878 943 1964 possis,

166 1983 323 2070 principio
344 1982 529 2047 meminisse
551 1983 645 2047 decet
667 2005 749 2068 quae
772 1982 913 2047 diximus
935 1991 1019 2058 ante,

166 2087 291 2152 semina
311 2086 512 2150 multimodis
534 2086 568 2150 in
590 2086 687 2150 rebus
710 2088 812 2150 mixta
834 2085 946 2150 teneri

165 2214 259 2278 porro
281 2213 391 2256 omnes
413 2213 635 2277 quaecumque
659 2190 767 2254 cibum
790 2191 924 2276 capiunt
945 2188 1136 2264 animantes,
1213 2189 1275 2269 645

164 2304 204 2360 ut
226 2304 303 2360 sunt
325 2294 496 2359 dissimiles
519 2293 717 2358 extrinsecus
739 2302 773 2358 et
795 2293 975 2380 generatim

166 2399 287 2464 extima
309 2400 526 2464 membrorum
549 2398 801 2463 circumcaesura
824 2406 955 2474 coercet,

95 2510 99 2516 '
165 2503 299 2588 proinde
321 2510 356 2567 et
378 2501 554 2566 seminibus
576 2511 726 2566 constant
749 2503 894 2567 variante
916 2502 1027 2587 figura.

165 2605 288 2693 semina
309 2626 383 2669 cum
405 2626 498 2689 porro
520 2604 652 2681 distent,
675 2605 802 2668 differre
825 2614 985 2669 necessest

164 2709 335 2774 intervalla
356 2708 497 2793 viasque,
519 2708 676 2773 foramina
698 2731 780 2793 quae
803 2707 1018 2793 perhibemus,
1213 2709 1278 2789 650

166 2810 313 2876 omnibus
336 2811 370 2874 in
393 2811 546 2875 membris
568 2819 602 2876 et
624 2811 659 2874 in
681 2834 735 2875 ore
758 2811 891 2896 ipsoque
914 2812 1031 2897 palato.

164 2937 232 2979 esse
255 2913 377 2979 minora
399 2914 501 3000 igitur
523 2916 682 3000 quaedam
706 2916 890 3001 maioraque
913 2916 1043 2992 debent,

165 3041 234 3084 esse
257 3019 417 3104 triquetra
439 3018 519 3097 aliis,
541 3020 614 3083 aliis
636 3019 795 3104 quadrata
816 3030 985 3096 necessest,

164 3123 268 3188 multa
289 3123 440 3199 rutunda,
464 3122 566 3186 modis
589 3123 701 3187 multis
724 3124 928 3207 multangula
950 3123 1116 3208 quaedam.

164 3247 303 3310 namque
326 3225 502 3312 figurarum
525 3225 608 3290 ratio
630 3234 668 3290 ut
692 3235 863 3312 motusque
887 3235 1066 3312 reposcunt,
1213 3228 1273 3308 655

163 3327 297 3414 proinde
319 3327 530 3392 foraminibus
553 3328 673 3393 debent
696 3329 824 3393 differre
846 3329 977 3415 figurae,

66 3505 154 3567 Laoh.
170 3529 206 3564 an
217 3513 326 3576 elegant,
340 3513 387 3564 but
397 3513 554 3563 notIthink
566 3529 709 3577 necessary,
722 3514 829 3574 change.
938 3514 1054 3578 627sme.
1087 3516 1174 3577 inflas
1186 3515 1276 3565 Lamb.

67 3599 122 3649 cto.
135 3597 262 3659 Wrongly.
373 3595 591 3658 calpurnianos
603 3597 634 3644 31
647 3596 736 3645 (lamb.
749 3596 819 3645 Mon.
832 3596 889 3645 Ver.
902 3595 966 3644 Ven.
979 3596 1119 3658 forposacs.
1230 3597 1277 3645 632

65 3680 216 3730 umidulum
225 3676 306 3727 Lach.
318 3677 359 3726 for
368 3679 488 3727 umidum.
523 3679 661 3727 humectum
671 3677 747 3728 Pont.
762 3678 826 3726 Mar.
839 3677 895 3728 Ald.
912 3678 925 3725 1
938 3677 953 3725 J
955 3682 1011 3727 unt.
1023 3678 1090 3739 vulg.
1229 3678 1277 3726 633

65 3760 141 3812 cita’
150 3761 237 3809 aava
249 3767 272 3809 et
283 3761 364 3808 almus
375 3758 424 3808 Ed.
437 3759 477 3807 for
492 3760 562 3809 cibus
577 3768 606 3809 ut
620 3761 759 3811 videamus:
778 3775 819 3809 aee
835 3760 925 3809 Oamb.
940 3761 1031 3810 Journ.
1048 3761 1076 3809 of
1091 3760 1153 3823 phil.
1168 3775 1214 3823 rp.
1230 3762 1275 3809 41:

63 3835 111 3894 for
123 3843 208 3892 almas
219 3839 330 3904 perhaps
340 3849 414 3903 optus
426 3839 490 3890 with
501 3841 582 3891 Lach.
616 3845 685 3891 cibus
697 3846 786 3893 urticas
798 3851 872 3906 aptus
883 3843 978 3902 Lach.;
1000 3844 1046 3894 but
1057 3847 1145 3894 unicus
1156 3845 1179 3893 is
1190 3847 1237 3893 not
1249 3849 1276 3894 at

63 3927 106 3976 all
119 3923 297 3987 appropriate.
407 3923 454 3974 636
467 3925 495 3972 ia
506 3923 588 3973 added
599 3925 632 3986 by
644 3926 745 3974 Nonius
757 3941 782 3988 p.
795 3927 835 3987 95,
849 3925 902 3976 and
914 3933 949 3975 cst
961 3931 987 3975 at
999 3926 1050 3976 end
1061 3926 1089 3974 of
1099 3942 1169 3976 verse
1181 3925 1277 3989 rightly

63 4013 124 4055 om.
137 4003 174 4067 by
185 4001 231 4052 the
242 4017 321 4053 same.
442 4004 490 4055 637
501 4006 539 4052 oli
550 4004 629 4054 Lech.
642 4006 764 4055 toreliis.
879 4006 927 4056 638
938 4009 1063 4068 Extaque
1074 4015 1103 4056 ut
1114 4021 1213 4068 capena
1224 4005 1273 4056 Ed

61 4077 112 4135 ior
123 4083 274 4145 Eetitoqac
289 4088 319 4131 at
333 4096 444 4144 serpens:
462 4097 490 4131 vr
505 4083 553 4134 690
569 4086 630 4133 Fert
645 4087 715 4147 itque
730 4100 791 4136 mss.
808 4086 1032 4150 formamque.
1066 4090 1115 4137 Eat
1129 4090 1232 4150 aliquae
1247 4097 1276 4137 ut

63 4161 267 4229 cerpemIraoh.
302 4165 352 4212 Est
365 4165 453 4226 utiquc
468 4172 497 4213 ut
507 4180 527 4215 a
543 4165 607 4214 Mar.
620 4165 694 4215 Junt.
707 4167 798 4216 Lamb.
810 4167 850 4217 ed.
863 4170 886 4216 3.
920 4169 998 4231 Saepe
1011 4173 1101 4218 etenim
1111 4186 1131 4218 a.
1144 4169 1276 4219 ed.1and

61 4243 94 4298 2.
209 4243 257 4295 641
268 4252 363 4295 cotum.
374 4254 484 4296 coctam.
495 4246 526 4295 A.
561 4249 626 4310 quod
639 4255 703 4298 torn.
716 4249 745 4299 B.
858 4251 905 4300 642
922 4253 954 4300 Ut
965 4254 1054 4314 quibua
1065 4253 1094 4300 id
1104 4251 1195 4300 Lamb.
1208 4251 1276 4300 sd.2

63 4325 208 4380 stultior
217 4327 250 4375 Id
262 4328 352 4390 quiam
362 4334 399 4376 ut.
515 4328 563 4378 648
574 4336 606 4380 et.
642 4345 673 4379 ea
686 4331 757 4379 Mon.
770 4331 843 4380 Junt.
855 4332 944 4382 Lamb.
958 4332 1089 4382 ed.1and
1101 4334 1124 4391 2,
1136 4332 1216 4382 Lach.
1229 4332 1275 4381 but

66 4419 98 4461 et
109 4408 179 4459 Mar.
207 4414 322 4458 constant
332 4411 449 4459 canente
454 4411 542 4473 ficara
552 4410 632 4460 Lach.
645 4411 685 4460 for
696 4420 810 4462 ceratam
820 4416 970 4475 cadantque
976 4416 1072 4477 fipura.
1101 4415 1198 4464 distant
1208 4417 1276 4464 uari·
