2834 4792
718 229 773 296 111

240 402 275 460 et
297 393 504 459 membratim
528 393 660 459 vitalem
682 391 858 478 deperdere
879 412 1011 457 sensum
1022 413 1030 470 ;

239 497 275 562 in
296 497 434 584 pedibus
454 496 596 584 primum
618 497 739 585 digitos
760 497 911 563 livescere
933 503 968 561 et
990 494 1117 581 unguis,

239 600 315 667 inde
336 600 436 687 pedes
457 609 492 666 et
514 623 607 667 crura
629 601 719 678 mori,
740 609 814 687 post
835 600 912 665 inde
934 620 992 685 per
1013 607 1103 663 artus

239 704 286 770 ire
308 704 387 770 elios
409 705 541 772 tractim
563 705 664 793 gelidi
686 704 827 793 vestigia
848 703 916 770 leti.
1295 715 1360 783 530

239 808 398 873 scinditur
418 809 511 895 itque
533 808 661 874 animae
683 809 744 873 hoo
765 807 918 895 quoniam
940 816 1058 872 natura
1080 826 1139 870 nec
1162 826 1226 869 uno

239 920 384 998 tempore
406 912 530 977 sincera
552 913 675 990 existit,
696 912 842 978 mortalis
864 911 1052 977 habendast.

239 1011 375 1097 quodsi
397 1011 479 1077 forte
500 1019 598 1098 putas
620 1012 725 1098 ipsam
747 1033 782 1077 se
804 1033 896 1097 posse
918 1033 977 1097 per
997 1018 1088 1076 artus

239 1113 398 1179 introsum
421 1114 549 1179 trahere
573 1123 607 1180 et
628 1115 731 1201 partis
754 1115 930 1180 conducere
952 1114 987 1179 in
1008 1137 1112 1179 unum

239 1226 338 1303 atque
359 1217 433 1284 ideo
455 1219 580 1284 cunctis
601 1241 734 1286 sensum
755 1219 914 1284 deducere
937 1218 1097 1294 membris,
1294 1228 1332 1296 53
1338 1228 1353 1296 5

240 1329 275 1385 at
297 1321 386 1386 locus
406 1322 462 1387 ille
484 1329 604 1400 tamen,
626 1345 691 1409 quo
713 1322 805 1408 copia
827 1330 922 1387 tanta
943 1321 1065 1386 animai

229 1424 374 1510 cogitur,
395 1424 431 1489 in
453 1446 548 1490 sensu
571 1424 669 1491 debet
692 1425 812 1491 maiore
833 1425 957 1505 videri3

240 1529 295 1613 qui
318 1528 471 1615 quoniam
493 1538 694 1615 nusquamst,
715 1530 870 1594 nimirum
893 1538 932 1594 ut
954 1528 1097 1593 diximus
1120 1534 1200 1604 oute,

239 1631 395 1697 dilaniata
417 1632 500 1697 toras
521 1632 727 1720 dispargitur,
749 1632 864 1698 interit
886 1654 970 1719 ergo.

240 1735 441 1821 quinetiam
464 1734 493 1800 si
513 1735 579 1800 iam
602 1735 702 1801 libeat
724 1735 898 1807 concedere
921 1735 1038 1800 falsum
1295 1745 1358 1813 540

239 1846 273 1903 et
294 1839 371 1903 dare
393 1859 486 1924 posse
508 1837 650 1903 animam
673 1838 843 1925 glomerari
866 1838 900 1902 in
923 1859 1052 1924 corpore
1076 1858 1197 1912 eorum,

240 1940 363 2006 lumina
385 1941 442 2028 qui
464 1941 591 2007 lincunt
613 1941 797 2007 moribundi
819 1941 1050 2027 particulatim,

238 2044 407 2110 mortalem
429 2053 540 2109 tamen
562 2066 631 2110 esse
652 2044 794 2109 animam
817 2044 939 2109 fateare
961 2065 1098 2119 necesse,

238 2170 297 2213 neo
318 2148 417 2214 refert
438 2157 551 2214 utrum
572 2158 685 2234 pereat
706 2148 850 2234 dispersa
871 2171 930 2235 per
951 2170 1045 2214 auras

240 2274 282 2315 an
304 2260 469 2318 contracta
490 2252 558 2318 suis
580 2276 598 2319 e
620 2253 769 2339 partibus
791 2253 1007 2330 obbrutescat,
1110 2260 1118 2278 '
1294 2262 1354 2330 545

240 2355 367 2440 quando
389 2355 554 2422 hominem
575 2365 684 2423 totum
707 2357 811 2443 magis
833 2380 870 2421 ac
893 2356 997 2443 magis
1018 2354 1164 2440 undique
1187 2371 1299 2416 sensus

238 2456 347 2521 deficit
369 2464 404 2522 et
425 2458 514 2523 vitae
535 2458 644 2524 minue
667 2467 707 2535 et¹
723 2458 832 2524 minus
854 2459 999 2544 undique
1021 2465 1131 2522 restat.

282 2562 326 2628 Et
348 2563 501 2648 quoniam
524 2585 615 2628 mens
638 2572 688 2629 est
710 2563 850 2629 hominis
871 2585 945 2649 pars
969 2584 1042 2638 una,
1065 2561 1133 2626 loco
1155 2580 1238 2645 quae

238 2665 435 2742 fixamanet
458 2673 555 2743 certo,
578 2667 669 2731 velut
691 2689 785 2731 aures
807 2675 907 2752 atque
930 2665 1014 2730 oculi
1036 2672 1113 2729 sunt

237 2777 336 2856 atque
358 2769 415 2834 elii
437 2791 550 2834 sensus
572 2769 629 2854 qui
651 2769 754 2835 vitam
776 2791 917 2856 cumque
939 2769 1133 2856 gubernant,
1294 2779 1357 2845 550

237 2881 271 2938 et
293 2872 396 2938 veluti
418 2894 534 2937 manus
556 2880 656 2958 atque
680 2873 792 2937 oculus
813 2895 947 2938 naresve
970 2894 1113 2937 seorsum

238 2984 360 3041 secreta
382 2975 423 3041 ab
445 2976 538 3041 nobis
559 2986 727 3063 nequeunt
749 2977 870 3043 sentire
892 2999 998 3062 neque
1021 2998 1097 3051 esse,

238 3080 294 3144 sed
316 3088 428 3145 tamen
450 3079 485 3144 in
507 3102 606 3166 parvo
628 3080 772 3145 licuntur
793 3089 938 3166 tempore
961 3080 1046 3155 tabe,

145 3312 224 3363 lunt.
244 3312 283 3361 ior
298 3311 433 3374 refutatur.
527 3313 574 3363 531
592 3315 725 3364 Scinditur
741 3317 810 3378 itque
827 3315 926 3364 unintoe
944 3315 988 3364 hot
1005 3313 1054 3362 Ed.
1073 3314 1113 3363 ior
1130 3314 1263 3364 Scinditur
1279 3321 1356 3376 utque

147 3396 234 3444 unitio
246 3394 319 3443 tute:
337 3406 421 3456 oomp.
433 3394 490 3444 526.
524 3395 565 3444 Sc.
577 3397 726 3458 usqueadeo
742 3398 802 3446 hoec
817 3393 897 3445 Laoh.
934 3397 976 3444 Sc.
992 3409 1070 3457 neque
1086 3396 1185 3444 animae
1202 3395 1262 3444 horr
1277 3394 1355 3443 Bern.

148 3476 371 3538 St.otquiunimo
383 3475 443 3525 hoec
456 3475 607 3526 Maniunt.
641 3478 681 3526 Sc.
693 3482 766 3541 utqui
777 3479 877 3527 animae
887 3477 979 3527 Lamb.
991 3478 1058 3539 vulg.
1176 3477 1354 3527 535deducere

147 3554 240 3608 (lamb.
257 3556 316 3606 Ver.
333 3555 398 3606 Ven.
415 3557 481 3608 Mar.
498 3557 539 3608 ior
554 3560 680 3609 diducere.
789 3562 837 3610 538
849 3568 907 3610 onte
919 3560 1001 3610 added
1012 3560 1046 3624 by
1057 3559 1129 3610 Nice.
1244 3559 1355 3609 5481555

148 3654 214 3704 quoe
231 3638 311 3690 Itach.
330 3639 388 3690 first
404 3640 444 3690 ior
461 3641 569 3704 locoque.
717 3700 721 3707 .
749 3642 796 3691 551
814 3649 897 3705 utque.
931 3648 977 3691 cut
993 3641 1087 3690 Lacu:
1111 3640 1157 3690 but
1174 3654 1257 3703 comp.
1275 3656 1291 3689 v
1309 3640 1357 3690 965

146 3719 253 3782 qlcndet
264 3727 340 3782 utque
351 3720 436 3769 555555
446 3722 487 3769 uel
494 3722 556 3784 pira
569 3721 640 3772 letto.
758 3722 806 3770 553
823 3722 873 3771 Sed
884 3729 966 3771 torua
977 3725 1006 3771 in
1015 3736 1095 3785 paruo
1108 3723 1239 3783 linquntur
1251 3729 1356 3783 ternpore

148 3802 199 3851 tuli
210 3815 271 3852 mss.
290 3799 410 3862 'quidem
421 3799 525 3851 doctus'
538 3816 598 3865 says
609 3802 701 3852 Lamb.
713 3802 770 3852 who
785 3802 926 3853 condemns
942 3803 987 3853 555
1002 3818 1074 3852 verse
1092 3803 1256 3866 'liquuntur'
1292 3805 1354 3852 ‘lin-

147 3887 251 3943 quntur.
268 3894 332 3929 mss.
348 3886 413 3943 puto
429 3880 542 3943 legend:
566 3889 633 3931 tecto
650 3885 740 3933 etenim
757 3899 838 3947 porro
854 3887 992 3934 uincuntur
1008 3892 1114 3946 tempore
1132 3886 1194 3941 tubi,
1211 3882 1262 3932 nisi
1279 3882 1356 3932 malis

148 3963 370 4025 liquuntur,..tott'
386 3976 434 4024 pro
452 3964 516 4021 tube,
527 3965 557 4012 ut
570 3965 643 4026 parti
660 3967 762 4026 contaqi
777 3980 824 4028 pro
837 3973 912 4028 parte
929 3972 1032 4028 contuqe
1044 3971 1093 4015 vet.
1109 3964 1218 4028 passim’
1230 3965 1264 4015 Ie.
1281 3963 1354 4013 Voss.

145 4043 176 4094 in
190 4056 239 4095 me.
256 4048 339 4094 notes.
376 4044 427 4093 Sed
441 4050 525 4093 tumne
540 4043 564 4093 ie
581 4043 608 4093 oi
624 4058 714 4094 course
731 4045 803 4107 quite
819 4046 902 4108 right3
920 4045 1014 4096 Ihave
1029 4046 1131 4096 written
1149 4044 1274 4096 therefore
1292 4043 1355 4094 with

148 4125 248 4178 oleseh
259 4125 288 4175 in
299 4127 375 4176 notes
383 4126 435 4175 Sed
446 4132 528 4176 tamen
537 4128 565 4176 ir
573 4142 654 4190 purte
663 4129 775 4177 licuntur
786 4137 891 4191 ternpore
904 4131 960 4178 tote
971 4129 1043 4194 (Aen.
1053 4143 1085 4178 111
1097 4131 1128 4178 28
1137 4129 1157 4178 Ρ
1166 4128 1214 4178 555
1226 4130 1357 4191 linquatur

145 4211 188 4260 ior
205 4210 319 4260 15555555
335 4205 387 4258 and
402 4207 477 4258 Luor.
495 4223 522 4257 rr
540 4209 602 4258 1243
619 4208 678 4259 Ver.
695 4208 758 4262 Ven.
778 4209 843 4259 have
862 4212 969 4272 liquitur
985 4212 1025 4261 ior
1042 4211 1167 4275 liquitur).
1205 4213 1357 4272 linquuntur

144 4291 216 4342 Flor.
234 4291 267 4340 51
278 4289 347 4353 vulg.
379 4292 409 4340 in
419 4305 502 4354 porro
514 4292 643 4342 lincuntur
659 4299 765 4354 tempore
782 4295 836 4342 tabi
852 4292 931 4342 Laoh.
945 4294 997 4342 ‘ita
1008 4292 1101 4354 Vergil.
1112 4294 1225 4342 Alitibua
1243 4294 1356 4354 linqrtere

138 4375 218 4439 serit,
231 4375 258 4423 et
269 4371 344 4423 ovid.
356 4374 405 4424 leto
417 4388 563 4438 poenaeque
572 4373 700 4428 relitnu’:
718 4374 764 4424 but
775 4374 820 4425 the
831 4378 949 4425 moment
961 4373 1006 4425 the
1021 4375 1088 4437 body
1099 4375 1122 4425 is
1137 4374 1210 4437 deod,
1231 4375 1357 4436 linquitur

344 4618 356 4655 l
