2834 4792
703 216 720 280 I

171 379 371 467 contingunt
393 380 500 446 mellis
521 380 610 445 dulci
632 381 779 468 flavoque
802 380 937 466 liquore,

172 492 210 548 ut
233 506 409 570 puerorum
431 492 521 549 aetas
543 484 712 570 inprovida
734 484 920 551 ludificetur

171 586 335 652 labrorum
358 596 464 664 tenus,
485 587 611 653 interea
633 597 784 674 perpotet
806 610 956 653 amarum

170 689 316 754 absinthi
337 690 468 755 laticem
490 691 690 777 deceptaque
713 715 778 756 non
800 692 957 777 capiatur,

169 793 225 858 sed
248 792 357 878 potius
379 793 439 859 tali
460 802 556 880 pacto
578 804 724 860 recreata
745 795 896 870 valescat,

168 895 213 960 sic
236 918 296 982 ego
318 919 413 972 nunc,
436 896 588 982 quoniam
611 896 690 963 haec
712 899 795 964 ratio
817 899 1009 986 plerumque
1032 901 1163 967 videtur

169 1000 294 1066 tristior
315 1023 383 1065 esse
407 1001 524 1087 quibus
546 1023 611 1065 non
633 1010 682 1066 est
706 1010 853 1078 tractata,
878 1012 1027 1089 retroque

173 1103 288 1190 volgus
309 1102 461 1169 abhorret
484 1102 527 1167 ab
549 1103 618 1179 hac,
639 1103 728 1168 volui
750 1103 812 1168 tibi
834 1106 1075 1191 suaviloquenti
1228 1125 1288 1190 945

174 1207 315 1272 carmine
338 1207 444 1273 Pierio
466 1207 625 1272 rationem
648 1229 807 1293 exponere
830 1218 974 1274 nostram

170 1319 203 1375 et
226 1310 319 1396 quasi
341 1334 472 1377 musaeo
494 1310 582 1377 dulci
603 1311 789 1398 contingere
813 1313 917 1389 melle,

170 1415 197 1480 si
220 1414 284 1480 tibi
307 1416 387 1481 forte
410 1416 555 1481 animum
578 1416 638 1481 tali
660 1417 784 1482 ratione
807 1430 917 1483 tenere

173 1519 318 1583 versibus
340 1519 376 1583 in
397 1518 515 1585 nostris
537 1541 673 1606 possem,
696 1521 773 1585 dum
795 1521 951 1607 perspicis
973 1545 1101 1588 omnem

171 1630 322 1686 naturam
343 1645 451 1687 rerum
474 1645 539 1708 qua
560 1632 687 1688 constet
709 1634 838 1710 compta
860 1624 973 1712 figura.
1226 1643 1293 1711 950

145 1791 149 1797 ,
215 1724 282 1790 Sed
303 1725 456 1811 quoniam
478 1726 573 1791 docui
595 1726 787 1791 solidissima
809 1728 960 1793 materiai

172 1850 303 1915 corpora
324 1838 482 1914 perpetuo
504 1830 640 1895 volitare
662 1829 785 1895 invicta
806 1853 864 1916 per
886 1854 1008 1909 aevom,

170 1954 256 1995 nuno
278 1953 348 2017 age,
369 1931 510 1996 summai
531 1931 690 2016 quaedam
712 1931 756 1996 sit
779 1932 852 1997 finis
875 1956 986 1998 eorum

169 2055 270 2098 necne
292 2033 344 2109 sit,
367 2034 570 2114 evolvamus;
598 2034 679 2099 item
702 2034 788 2121 quod
810 2036 907 2100 inane
929 2047 1126 2123 repertumst

171 2158 226 2202 seu
248 2137 337 2201 locus
360 2159 397 2201 ac
419 2137 572 2223 spatium,
593 2159 645 2202 res
666 2137 701 2201 in
724 2160 788 2224 quo
810 2161 959 2224 quaeque
981 2150 1146 2227 gerantur,
1224 2157 1285 2223 955

167 2240 391 2325 pervideamus
414 2249 525 2305 utrum
547 2240 678 2305 finitum
701 2241 849 2306 funditus
872 2265 966 2307 omne

168 2351 294 2408 constet
315 2366 357 2407 an
379 2343 575 2408 irnmensum
597 2352 710 2428 pateat
733 2353 888 2431 vasteque
911 2347 1114 2432 profundum.

211 2447 318 2512 Omne
341 2447 427 2532 quod
449 2455 499 2513 est
521 2446 624 2534 igitur
645 2449 736 2513 nulla
757 2450 888 2536 regione
912 2451 1037 2515 viarum

169 2546 351 2626 finitumst;
379 2569 520 2634 namque
543 2557 725 2613 extremum
747 2550 888 2615 debebat
912 2552 1037 2616 habere.

169 2659 351 2715 extremum
373 2673 465 2737 porro
487 2652 610 2716 nullius
631 2674 723 2737 posse
746 2653 875 2719 videtur
1223 2658 1289 2738 960

168 2773 244 2826 esse,
267 2750 332 2815 nisi
354 2752 440 2817 ultra
462 2751 506 2817 sit
527 2752 614 2838 quod
636 2752 748 2834 finiat;
775 2763 813 2819 ut
837 2755 985 2820 videatur

168 2877 231 2940 qno
253 2877 318 2918 non
341 2854 468 2941 longius
491 2854 570 2920 haec
592 2877 704 2921 sensus
726 2867 845 2923 natura
867 2868 1029 2945 sequatur.

167 2976 252 3019 nunc
274 2963 367 3019 extra
387 2977 548 3019 summam
571 2956 723 3041 quoniam
746 2957 792 3022 nil
815 2980 884 3023 esse
908 2959 1085 3036 fatendum,

166 3081 229 3122 uon
251 3058 352 3124 habet
373 3068 565 3137 extremum,
587 3070 675 3126 caret
697 3083 773 3147 ergo
795 3061 858 3126 fine
884 3063 1047 3149 modoque.

166 3180 224 3223 nec
245 3158 344 3223 refert
366 3158 484 3245 quibus
506 3160 644 3226 adsistas
665 3161 851 3248 regionibus
873 3161 962 3241 eius;
1221 3164 1283 3244 965

167 3257 379 3343 usqueadeo,
401 3279 498 3343 quem
520 3259 657 3345 quisque
681 3260 786 3324 locum
809 3260 961 3346 possedit,
984 3261 1018 3325 in
1041 3261 1145 3325 omnis

166 3361 360 3426 tantundem
382 3362 484 3447 partis
505 3362 671 3428 infinitum
694 3386 788 3428 omne
811 3365 974 3449 relinquit.

164 3471 331 3548 praeterea
352 3463 381 3528 si
402 3463 468 3529 iam
491 3464 620 3529 finitum
643 3464 861 3531 constituatur

166 3584 260 3627 omne
283 3562 371 3652 quod
391 3571 441 3628 est
463 3564 615 3649 spatium,
638 3564 739 3650 siquis
761 3573 926 3650 procurrat
948 3565 989 3629 ad
1012 3585 1083 3628 oras

167 3664 304 3730 ultimus
326 3674 487 3731 extremas
508 3666 669 3753 iaciatque
693 3667 822 3732 volatile
845 3667 957 3742 telum,
1220 3682 1285 3748 970

165 3767 199 3834 id
221 3768 337 3834 validis
358 3779 469 3835 utrum
492 3779 675 3835 contortum
699 3771 822 3836 viribus
845 3772 891 3836 ire

116 4047 194 4099 latius
204 4047 401 4110 animoslegcs’.
434 4030 674 4101 scrutaminum
685 4048 776 4099 Lamb.
804 4052 900 4099 0111111011
912 4048 1016 4099 Creech.
1143 4050 1280 4111 941ρο110

116 4129 268 4179 insinms.
280 4132 356 4179 notes
367 4129 419 4179 and
429 4128 510 4179 Laoh.
521 4128 618 4193 rightly
628 4131 758 4192 forfacto.
846 4129 1224 4182 954Necnesnl>ont12amb.
1240 4129 1280 4177 for
1380 4194 1382 4199 Ι

116 4213 172 4262 eutr.
282 4210 330 4262 stt
341 4218 458 4273 vasteque
469 4210 540 4260 Nice.
552 4211 688 4272 corrupted
698 4211 754 4261 into
766 4213 891 4274 adruque3
909 4211 951 4260 his
962 4210 1089 4261 follovers
1100 4210 1211 4273 adusque
1222 4209 1279 4260 into

123 4295 252 4356 adusque3
268 4306 306 4351 01,
317 4306 348 4342 as
358 4292 423 4343 Mar.
435 4306 517 4354 marg.
530 4292 599 4342 Flor.
610 4295 640 4342 32
652 4293 710 4343 ald.
723 4293 805 4355 June,
815 4297 924 4358 patefiat
935 4296 969 4343 ad
980 4309 1064 4357 usque.
1142 4293 1189 4347 966
1201 4296 1278 4344 omnis

116 4373 200 4426 10101
210 4388 305 4425 omaus
420 4374 468 4425 971
479 4374 512 4422 Id
523 4375 619 4423 validis
628 4374 720 4424 Lamb.
732 4374 789 4424 first
800 4375 840 4425 for
851 4376 986 4425 lavandis.
1022 4374 1090 4424 Flor.
1106 4376 1136 4424 32
1149 4375 1200 4425 and
1213 4376 1277 4425 Mar.
