2834 4792
192 406 316 493 primus
338 407 425 471 enim
447 407 528 473 citra
550 416 659 493 postes
680 416 752 474 tum
775 408 918 474 cernitur
939 432 1001 485 aer,

193 505 268 571 inde
290 507 373 572 fores
394 507 483 592 ipsae
505 508 621 574 dextra
642 508 796 594 laevaque
818 518 980 587 secuntur,

193 617 266 696 post
287 609 429 676 extraria
451 611 507 675 lux
530 612 637 677 oculos
659 621 825 699 perterget
847 621 881 678 et
903 636 959 678 aer

193 713 275 779 alter
297 722 331 780 et
354 715 410 780 illa
432 715 508 780 foris
530 738 613 802 quae
635 739 709 782 vere
732 717 994 803 transpiciuntur.

192 818 317 884 sicubi
339 841 373 884 se
395 819 536 907 primum
559 821 681 907 speculi
702 822 838 907 proiecit
860 822 976 910 imago,

192 920 271 985 dum
293 922 385 987 venit
406 921 448 987 ad
469 933 596 989 nostras
618 924 711 1002 acies,
733 925 896 1011 protrudit
919 926 1052 1012 agitque
1245 929 1309 994 280

192 1047 267 1090 aera
288 1027 346 1112 qui
368 1019 509 1092 inter'ee
532 1038 703 1114 cumquest
724 1029 895 1116 oculosque
918 1030 1048 1108 locatus,

192 1136 227 1193 et
249 1128 327 1194 facit
349 1140 388 1194 ut
409 1130 500 1216 prius
523 1131 608 1196 hunc
630 1155 759 1197 omnem
782 1133 902 1198 sentire
924 1156 1081 1219 queamus

192 1253 290 1317 quem
312 1233 488 1318 speculum.
511 1234 568 1299 sed
592 1235 650 1299 ubi
671 1236 838 1321 speculum
862 1260 989 1332 quoque
1011 1237 1170 1302 sensimus
1192 1237 1307 1323 ipsum,

192 1335 345 1400 continuo
366 1359 386 1400 a
408 1336 501 1401 nobis
522 1337 559 1401 in
579 1338 669 1403 idem
692 1361 774 1424 quae
797 1341 901 1405 fertur
921 1341 1029 1428 imago

192 1439 339 1522 pervenit
361 1448 396 1504 et
417 1449 543 1505 nostros
565 1441 673 1506 oculos
695 1442 816 1508 reiecta
837 1443 949 1508 revisit
1244 1447 1304 1525 285

192 1548 290 1627 atque
312 1541 414 1606 alium
435 1566 513 1629 prae
535 1566 569 1608 se
590 1544 772 1631 propellens
793 1568 868 1610 sera
889 1545 991 1610 volvit

193 1652 227 1708 et
249 1645 327 1710 fecit
349 1655 388 1711 ut
410 1647 499 1732 prius
521 1648 608 1714 hunc
630 1671 729 1735 quam
751 1672 786 1714 se
808 1650 985 1727 videamus}
1007 1673 1109 1736 eoque

193 1746 311 1813 distare
333 1749 375 1815 ab
397 1751 530 1836 speculo
555 1761 686 1817 tantum
708 1761 832 1817 semota
854 1753 991 1820 videtur.

194 1873 292 1935 quare
314 1851 414 1917 etiam
437 1861 536 1939 atque
559 1855 659 1920 etiam
681 1855 815 1920 minime
838 1855 983 1920 mirarier
1004 1864 1055 1920 est
1077 1879 1143 1942 par,

193 1955 258 2020 illic
280 1980 360 2044 quor
381 1958 519 2024 reddant
543 1958 745 2044 speculorum
768 1981 808 2023 er
830 1981 967 2044 aequore
989 1959 1104 2037 visum,

193 2061 319 2126 aeribus
341 2062 427 2127 binis
448 2063 600 2147 quoniam
621 2086 673 2128 res
695 2063 792 2129 confit
814 2072 961 2149 utraque.

192 2186 279 2229 nunc
300 2188 339 2230 ee
361 2188 444 2251 quae
466 2167 559 2231 nobis
581 2167 798 2232 membromm
821 2167 954 2232 dextera
975 2189 1049 2252 pers
1071 2175 1130 2244 est,

192 2268 227 2331 in
248 2267 386 2353 speculis
408 2269 446 2333 fit
468 2279 508 2335 ut
529 2269 564 2333 in
586 2270 677 2335 laeva
699 2270 849 2335 videatur
871 2292 908 2334 eo
931 2270 1017 2355 quod

190 2372 360 2462 planitiem
381 2374 423 2438 ad
446 2374 569 2460 speculi
593 2375 725 2440 veniens
747 2398 821 2441 cum
844 2374 980 2440 offendit
1003 2375 1119 2460 imago,

190 2498 255 2540 non
277 2477 477 2542 convertitur
497 2477 674 2556 incolumis,
698 2480 754 2544 sed
776 2488 864 2543 recta
886 2487 1060 2543 retrorsum
1243 2491 1303 2556 295

191 2577 236 2642 sic
258 2579 399 2657 eliditur,
421 2589 460 2645 ut
482 2581 591 2666 siquis,
613 2581 703 2667 prius
724 2581 814 2646 arida
837 2604 934 2667 quam
957 2580 1000 2646 sit

192 2689 299 2746 cretea
320 2703 464 2768 persona,
486 2682 610 2748 adlidat
631 2684 757 2769 pilaeve
780 2683 914 2761 trebive,

192 2792 290 2868 atque
312 2807 351 2849 ea
372 2785 525 2849 continuo
547 2797 669 2850 rectam
691 2786 719 2850 si
741 2786 846 2851 fronte
869 2786 1006 2872 figuram

103 2901 167 2967 323
191 2896 297 2953 servet
319 2896 353 2953 et
376 2888 486 2954 elisam
507 2897 594 2954 retro
617 2911 686 2954 sese
708 2890 869 2975 exprimat
891 2890 969 2975 ipsa.

99 3116 170 3170 suot,
184 3111 242 3159 bene
253 3109 293 3159 for
303 3125 368 3170 vere,
380 3109 432 3161 and
442 3111 516 3160 ruins
527 3111 572 3161 the
583 3115 727 3174 argument.
892 3113 939 3163 275
953 3118 1004 3160 tum
1018 3112 1137 3160 cernitur.
1171 3124 1225 3158 cum
1235 3106 1305 3157 Nico.

100 3189 172 3241 Flor.
186 3191 217 3239 ³1
229 3190 319 3241 (lamb.
331 3194 379 3242 etc.
390 3191 475 3242 which
485 3192 535 3243 has
545 3193 640 3243 caused
650 3194 730 3243 much
741 3193 877 3243 confusion
888 3193 917 3241 in
929 3192 973 3241 the
984 3192 1037 3241 eds.
1049 3191 1134 3241 before
1144 3190 1224 3240 Lach.

136 3274 184 3324 277
191 3280 316 3337 perterget
326 3273 417 3324 Lamb.
431 3274 489 3324 first
500 3274 541 3325 for
553 3284 678 3338 perleget:
696 3279 735 3339 (eo
743 3283 855 3339 perleget
866 3275 910 3324 AB
921 3275 949 3324 in
962 3277 1023 3337 2493
1039 3274 1086 3323 but
1096 3273 1169 3322 there
1182 3279 1307 3335 perterget

102 3354 186 3416 Nico.)
193 3358 320 3419 pertinget
330 3356 401 3406 Nico.
413 3357 466 3407 aad
477 3371 506 3406 eo
517 3356 553 3406 all
564 3357 649 3406 before
659 3357 751 3406 hamb.
901 3358 950 3406 283
961 3358 1005 3405 ubi
1015 3357 1141 3419 speculum
1151 3355 1217 3405 Mer.
1231 3354 1305 3402 Junt.

102 3435 144 3485 for
153 3438 198 3486 ubi
208 3439 237 3486 in
247 3440 380 3500 speculum.
506 3439 554 3488 284
565 3442 594 3488 ia
605 3441 670 3489 idem
682 3439 731 3488 Ed.
744 3439 784 3488 for
795 3441 823 3488 in
835 3454 903 3488 eum:
921 3441 950 3488 id
960 3453 1013 3488 was
1025 3437 1148 3487 absorbed
1159 3436 1193 3499 by
1203 3439 1241 3498 in,
1254 3435 1307 3485 and

101 3533 142 3566 em
151 3532 204 3567 was
214 3518 277 3568 then
288 3518 404 3581 changed
415 3523 443 3570 to
454 3534 524 3569 eum:
542 3522 571 3570 in
581 3535 633 3570 was
644 3521 696 3570 lost
707 3521 772 3571 after
782 3522 810 3569 id
822 3521 850 3570 in
862 3536 889 3570 rv
901 3521 972 3572 1037.
1006 3523 1098 3569 iterum
1108 3519 1187 3569 Lech.

136 3599 184 3650 290
194 3601 255 3650 Illic
266 3617 330 3664 quor
338 3602 446 3650 reddent
457 3601 507 3651 Ed.
519 3601 560 3650 for
570 3604 629 3651 Illis
641 3618 705 3664 quoe
716 3604 831 3652 reddunt.
864 3602 945 3652 Lech.
956 3604 1017 3665 puts
1028 3601 1082 3650 this
1090 3616 1162 3651 verse
1172 3601 1239 3649 after
1249 3599 1305 3657 270,

102 3679 188 3730 where
198 3681 221 3731 it
231 3682 255 3731 is
265 3683 336 3744 quite
347 3687 393 3733 out
404 3683 433 3733 of
448 3683 534 3744 place:
552 3683 619 3733 from
632 3685 679 3735 107
690 3684 711 3733 it
722 3683 746 3732 is
756 3683 878 3733 manifest
890 3684 948 3733 that
960 3683 1005 3732 the
1020 3684 1125 3746 mages,
1139 3686 1186 3731 not
1198 3682 1242 3730 the
1253 3681 1306 3730 real

101 3761 201 3824 things,
214 3763 339 3814 ‘reddunt
349 3765 512 3827 speculorum
523 3779 555 3814 ex
565 3780 675 3827 aequore
683 3765 768 3814 visum
776 3765 791 3813 ’.
818 3765 909 3814 Lamb.
919 3765 972 3814 and
981 3764 1078 3814 Greeoh
1089 3764 1166 3814 think
1176 3763 1305 3814 289-291

103 3843 237 3908 spurious:
247 3844 322 3895 Wak.
333 3860 364 3896 ae
374 3845 450 3895 ueuel
461 3860 516 3896 sees
527 3861 562 3896 no
578 3845 704 3909 difficulty
714 3846 743 3894 in
755 3845 799 3895 the
810 3861 859 3895 me.
871 3845 977 3908 reading
988 3845 1040 3895 and
1051 3845 1137 3908 boldly
1147 3847 1211 3895 calls
1221 3845 1250 3895 in
1260 3845 1306 3895 the

102 3924 296 3988 Pythagoreans
306 3929 335 3976 to
346 3926 392 3976 tho
402 3941 498 3977 rescue.
630 3928 759 3980 299-347
772 3927 912 3993 (323-347
924 3929 1063 3990 299-322)
1075 3943 1139 3977 were
1149 3928 1205 3976 first
1216 3927 1306 3990 placed

102 4007 132 4056 in
148 4006 217 4058 their
232 4023 325 4072 proper
341 4009 415 4058 order
430 4009 566 4072 byLamb.
586 4010 652 4059 after
668 4011 690 4058 B
708 4024 772 4059 corr.
807 4009 871 4058 This
887 4009 911 4058 is
927 4024 976 4060 one
992 4009 1021 4058 of
1035 4009 1080 4059 the
1096 4009 1168 4058 main
1184 4023 1307 4072 passages

101 4089 188 4140 which
201 4091 310 4142 enabled
319 4091 400 4142 Lech.
412 4105 441 4141 so
456 4092 558 4154 ecutely
569 4095 597 4141 ιο
613 4092 755 4141 determine
770 4090 815 4141 the
830 4091 940 4140 number
955 4091 984 4139 of
998 4091 1063 4140 lines
1075 4090 1103 4138 in
1117 4105 1207 4152 apege
1219 4091 1248 4139 of
1261 4090 1306 4141 the

100 4173 154 4223 lost
169 4171 307 4237 archetype
321 4173 351 4223 of
364 4172 400 4222 eil
415 4187 463 4222 our
478 4187 541 4222 mss.
576 4172 658 4222 These
673 4174 705 4224 49
720 4171 910 4226 verses÷three
927 4171 1052 4234 hesdinge
1068 4175 1177 4221 amount
1193 4174 1221 4220 ιο
1237 4172 1305 4235 fifty-

99 4259 152 4306 two
166 4269 197 4305 or
211 4255 284 4326 twice
297 4255 460 4318 twenty-sin
476 4255 535 4305 that
550 4256 573 4304 ie
588 4259 616 4305 ιο
631 4271 678 4318 say
690 4255 734 4305 the
751 4253 864 4316 original
879 4269 928 4303 ms.
940 4252 993 4303 had
1005 4253 1155 4315 twenty-six
1168 4253 1235 4302 lines
1250 4253 1306 4303 ine

99 4351 175 4400 page,
190 4336 244 4388 and
259 4337 293 4400 by
308 4351 380 4388 some
395 4336 493 4387 chance
509 4351 558 4387 one
573 4337 633 4398 leaf,
652 4337 696 4386 the
714 4336 784 4396 roth,
799 4336 853 4387 had
869 4336 903 4386 its
920 4352 998 4400 peges
1013 4335 1130 4385 inverted
1138 4355 1147 4397 ;
1162 4335 1244 4385 hence
1260 4334 1306 4385 the

99 4420 305 4485 transposition:
326 4435 367 4472 see
383 4419 560 4470 introduction
576 4434 602 4482 p.
620 4421 660 4471 27.
699 4420 754 4469 The
770 4435 849 4482 marg.
870 4420 898 4469 of
917 4418 984 4468 Flor.
1003 4420 1035 4470 29
1051 4417 1079 4467 in
1097 4417 1142 4467 the
1158 4417 1262 4480 writing
1279 4416 1308 4466 of
