2834 4792
704 237 752 300 VI

195 399 326 485 altaque
347 422 406 465 cur
426 400 617 487 plerumque
639 400 725 486 petit
748 400 816 464 loca
838 400 1043 487 plurimaque
1066 402 1135 466 eius

196 502 364 568 montibus
385 504 419 567 iu
441 504 577 568 summis
598 505 737 591 vestigia
758 505 919 569 cernimus
940 505 1052 592 ignisl

241 604 336 686 Quod
358 620 513 694 superest,
535 608 660 673 facilest
682 630 721 673 ex
744 607 796 672 his
817 630 1007 694 cognoscere
1030 609 1135 685 rebus,

196 720 356 795 presteras
378 711 456 777 Grai
478 735 559 799 quos
580 712 678 776 abre
700 712 945 788 nominitarunt‚

194 813 229 878 in
253 836 340 879 mare
362 836 429 899 qua
450 815 539 880 missi
562 816 694 881 veniant
716 817 842 881 ratione
866 838 1012 902 superne.

196 938 271 980 nam
295 917 333 981 fit
356 926 395 981 ut
417 917 581 983 interdum
607 930 775 1005 tamquam
797 919 938 984 demissa
959 920 1109 985 columna

196 1019 229 1083 in
253 1042 341 1084 mare
362 1020 403 1085 de
425 1022 514 1086 eaelo
535 1021 719 1098 descendat,
741 1044 839 1107 quam
863 1023 946 1087 freta
968 1023 1088 1087 circum

196 1122 380 1188 fervescunt
401 1125 544 1209 graviter
565 1124 764 1211 spirantibus
787 1125 887 1189 incita
909 1124 1026 1200 flabris,

196 1237 230 1292 et
252 1250 475 1314 quaecumque
498 1229 533 1293 in
555 1252 594 1294 eo
617 1238 688 1293 tum
711 1229 777 1293 sint
800 1229 959 1315 deprensa
980 1229 1126 1293 tumultu

196 1330 327 1417 nauigia
348 1330 383 1395 in
405 1353 568 1396 summum
592 1332 725 1396 veniant
749 1340 865 1395 vexata
886 1331 1049 1417 periclum.

199 1432 258 1497 hoe
281 1433 319 1497 fit
343 1433 399 1498 ubi
421 1433 584 1499 interdum
608 1456 671 1498 non
694 1434 766 1519 quit
788 1434 837 1497 vis
859 1434 960 1498 incita
981 1433 1072 1498 venti

195 1557 345 1621 rumpere
367 1559 465 1622 quam
488 1536 595 1623 eoepit
616 1537 746 1612 nubem,
768 1537 825 1601 sed
848 1537 1011 1622 deprimit,
1033 1545 1070 1600 ut
1094 1537 1136 1600 sit

195 1639 228 1703 in
252 1662 339 1704 mare
361 1639 402 1704 de
425 1640 513 1705 caelo
536 1649 703 1726 tamquam
725 1640 864 1705 demissa
886 1640 1042 1716 columna,

195 1744 362 1829 paulatim,
385 1745 476 1830 quasi
498 1743 578 1831 quid
600 1766 710 1831 pugno
731 1745 925 1830 bracchique
948 1766 1086 1830 superne

194 1848 340 1912 coniectu
366 1849 518 1913 trudatur
540 1860 575 1914 et
597 1849 793 1914 extendatur
815 1849 849 1913 in
874 1849 995 1926 undas;
1250 1865 1289 1928 43
1295 1863 1310 1927 5

194 1973 292 2036 qnam
317 1974 391 2016 cum
414 1951 553 2028 discidit,
576 1952 650 2016 hino
674 1952 896 2038 prorumpitur
916 1952 951 2015 in
973 1974 1060 2015 mare
1084 1951 1174 2014 venti

194 2055 298 2120 viset
321 2057 477 2121 fervorem
503 2057 620 2121 mirum
644 2056 815 2121 concinnat
838 2055 872 2119 in
896 2055 1009 2132 undis;

196 2160 417 2226 versabundus
438 2160 524 2226 enim
548 2160 643 2224 turbo
666 2157 831 2224 descendit
854 2158 999 2223 stillam

193 2262 325 2327 deducit
348 2264 470 2350 pariter
492 2263 580 2328 lento
602 2285 675 2328 cnm
699 2284 828 2348 corpore
850 2261 989 2340 nubem;

194 2388 291 2451 quarn
315 2367 411 2431 simul
434 2389 471 2431 ao
492 2365 659 2452 gravidam
681 2364 821 2430 detrusit
844 2364 887 2430 ad
908 2387 1047 2450 aequora
1069 2364 1170 2449 ponti,
1248 2383 1314 2444 440

194 2465 248 2529 illo
271 2466 305 2529 in
328 2489 445 2552 aquam
468 2466 576 2531 subito
599 2476 706 2530 totum
728 2488 762 2529 se
786 2465 926 2529 inmittit
949 2473 982 2528 et
1005 2486 1098 2528 omne

194 2570 315 2633 excitat
339 2570 464 2657 ingenti
486 2571 595 2635 sonitu
618 2592 705 2634 mare
729 2569 849 2634 fervere
873 2590 995 2653 cogens

194 2674 232 2737 lit
255 2696 381 2760 (proque
403 2687 441 2739 ut
463 2675 606 2739 involvat
628 2673 718 2738 venti
740 2696 773 2738 se
796 2673 937 2737 nubibus
960 2675 1028 2758 ipse

193 2788 304 2841 vertex
326 2778 501 2843 conradens
524 2801 564 2843 ex
586 2800 660 2841 aero
683 2777 807 2841 semina
830 2776 926 2840 nubis

194 2889 226 2941 et
250 2879 340 2964 quasi
364 2880 539 2944 demissum
562 2879 650 2943 caelo
672 2889 816 2964 prestera
839 2877 993 2941 imitetur.

193 2982 245 3047 hic
268 2983 324 3047 ubi
347 3006 381 3047 se
405 2985 437 3047 in
461 2994 563 3048 terras
586 2983 717 3047 demisit
740 2981 962 3066 dissoluitque‚

193 3086 332 3150 turbinis
356 3088 517 3151 inmanem
541 3087 607 3150 vim
631 3087 788 3172 provomit
811 3094 909 3170 atque
932 3085 1096 3170 procellae.

193 3190 248 3254 sed
271 3192 347 3275 quia
369 3192 407 3255 fit
429 3213 500 3255 raro
522 3191 652 3255 omnino
676 3190 856 3274 montisque
880 3199 1039 3253 necessest

193 3293 316 3357 officere
340 3294 373 3357 in
397 3294 499 3370 terris
522 3302 656 3380 apparet
679 3292 820 3357 crebrius
842 3292 927 3355 idem

192 3406 363 3482 prospectu
387 3396 484 3461 maris
507 3397 540 3460 in
564 3419 681 3483 magno
703 3396 854 3480 caeloque
876 3394 1011 3479 patenti
1245 3410 1310 3475 450

237 3500 360 3564 Nubila
382 3510 597 3576 concrescunt,
620 3499 677 3564 ubi
699 3521 829 3584 corpora
853 3498 956 3562 multa
979 3498 1113 3562 volando

104 3734 174 3781 saecu
185 3741 214 3782 ut
227 3733 291 3784 Mar.
304 3735 377 3788 Junt.
486 3737 534 3785 421
552 3738 606 3786 loca
617 3737 639 3784 B
651 3750 716 3787 corr.
730 3735 799 3784 Flor.
812 3737 843 3785 01
856 3735 945 3787 (lamb.
959 3735 1030 3785 Mon.
1042 3735 1100 3784 Ver.
1112 3734 1176 3785 Ven.
1189 3734 1230 3784 for
1242 3739 1305 3785 ioca.

105 3829 150 3876 que
167 3817 221 3864 eius
238 3816 318 3867 Lach.
328 3817 378 3881 ¹lor
393 3832 440 3880 que
451 3819 519 3880 plus.
556 3833 603 3880 quc
621 3818 695 3865 huius
711 3816 802 3866 Lamb.
938 3818 985 3864 424
1005 3818 1068 3865 Grai
1081 3816 1149 3867 Flor.
1170 3817 1200 3864 31
1218 3817 1309 3867 (lamb.

104 3896 229 3947 Brix.for
242 3901 324 3951 Grati.
362 3899 548 3950 Grotchorr.
563 3899 628 3948 Mar.
664 3897 858 3949 Grcieihach.:
877 3898 1012 3948 Lucretius
1027 3901 1106 3947 wrote
1121 3897 1203 3948 either
1219 3901 1310 3949 Graiei

105 3993 134 4027 or
147 3982 220 4039 Grai,
232 3987 279 4031 not
290 3984 373 4034 Graii.
441 3983 491 4033 426
503 3990 630 4045 tamquam
641 3981 709 4032 Plor.
724 3983 755 4031 31
768 3981 856 4049 (lamb.
871 3982 928 4030 Ver.
940 3981 1003 4030 Ven
1017 3981 1081 4030 Mar.
1093 3980 1133 4030 ior
1145 3989 1271 4030 tunicum.

136 4064 186 4112 428
196 4066 278 4114 incita
288 4064 358 4116 Flor.
372 4064 403 4113 sl
416 4063 506 4114 (lamb.
518 4063 585 4112 Mar.
596 4067 644 4113 etc.
656 4063 696 4112 ior
708 4064 797 4113 lecito.
864 4063 912 4112 430
925 4065 1029 4111 veniant
1042 4061 1122 4112 Laoh.
1135 4061 1175 4111 ior
1189 4065 1308 4112 veniunt:

104 4142 173 4192 Flor.
186 4146 217 4194 31
228 4146 294 4195 Mar.
306 4147 380 4196 Junt.
391 4146 483 4196 hamb.
494 4145 563 4208 vulg.
575 4145 640 4206 keep
651 4147 765 4203 veniunt,
776 4143 830 4195 and
840 4145 888 4195 429
899 4143 960 4193 read
971 4150 1036 4193 sunt.
1135 4144 1184 4192 440
1200 4146 1310 4194 detrusit

104 4224 195 4274 hamb.
207 4226 265 4276 first
276 4227 316 4276 for
326 4228 431 4277 dcta-uit.
465 4225 770 4276 demdithoorrbicc.
868 4226 916 4276 447
926 4227 1051 4288 procellae
1063 4225 1132 4275 Flor.
1144 4229 1175 4276 31
1188 4228 1248 4278 Vat.
1261 4230 1308 4279 640

106 4305 197 4356 Urbin.
210 4308 267 4359 Vat.
284 4307 532 4358 mosothenum.
545 4308 585 4358 for
595 4310 721 4372 procellat
732 4306 818 4358 which
831 4307 904 4358 Wak.
918 4307 1040 4368 absurdly
1054 4309 1160 4359 retains.
1261 4314 1310 4364 449

106 4389 206 4450 officere
216 4389 286 4442 Flor.
301 4391 331 4440 31
343 4389 434 4440 Gamb.
446 4390 516 4440 Mon.
528 4391 569 4441 for
583 4393 703 4454 officeret.
800 4392 848 4440 452
860 4405 947 4454 supero
958 4388 1036 4440 Lach.
1049 4390 1089 4439 for
1100 4406 1183 4456 snper.
1216 4410 1308 4458 supera
