2834 4792
244 407 479 494 habrotonique
500 430 615 495 graves
636 416 672 474 et
694 407 803 473 tristia
824 418 1008 486 centaurea,

244 534 381 597 quorum
403 533 506 575 unum
529 510 657 597 quidvis
679 511 794 577 leviter
814 512 843 576 si
866 512 949 578 forte
970 512 1098 578 duobus

677 639 697 676 Ι

244 716 324 804 quin
345 717 456 804 potius
477 739 588 782 noscas
610 739 717 782 rerum
740 717 912 783 simulacra
934 719 1046 805 vagari

245 820 351 886 multa
372 819 476 884 modis
497 820 611 885 multis
632 820 722 886 nulla
744 821 777 886 vi
798 843 952 907 cassaque
974 827 1095 887 sensu?

288 925 369 1010 [Sed
391 948 432 989 ne
455 924 536 989 forte
559 933 655 1010 putes
677 947 716 990 ea
737 925 870 990 demum
893 925 960 990 sola
983 927 1101 1013 vagari,

244 1050 466 1114 quaecumque
489 1027 530 1091 ab
552 1027 649 1092 rebus
670 1050 778 1093 rerum
800 1028 972 1093 simulacra
993 1028 1159 1106 recedunt,
1315 1049 1377 1113 130

245 1139 323 1196 sunt
345 1131 445 1195 etiam
468 1152 551 1216 quae
573 1139 688 1217 sponte
710 1154 770 1196 sua
791 1132 972 1219 gignuntur
994 1132 1121 1220 etipsa

246 1236 492 1301 constituuntur
513 1235 548 1299 in
570 1234 630 1300 hoc
652 1235 741 1300 caelo
763 1237 821 1322 qui
843 1236 964 1302 dicitur
984 1259 1049 1314 aer,

165 1355 221 1421 135
246 1362 329 1425 quae
352 1339 464 1404 multis
486 1340 623 1405 formata
645 1339 749 1405 modis
770 1340 909 1405 sublime
932 1341 1084 1406 feruntur

164 1464 218 1526 141
245 1466 305 1509 nec
326 1444 467 1529 speciem
489 1453 615 1509 mutare
638 1467 731 1509 suam
755 1444 916 1530 liquentia
938 1454 1064 1510 cessant

246 1556 280 1612 et
302 1546 458 1632 cuiusque
480 1547 567 1612 modi
591 1548 766 1612 formarum
788 1556 914 1613 vertere
937 1548 972 1613 in
994 1571 1082 1629 oras;

165 1669 200 1733 ¹3
206 1669 222 1731 3
247 1659 285 1714 ut
307 1650 411 1714 nubes
433 1650 526 1715 facile
548 1650 713 1715 interdum
737 1673 937 1717 concrescere
960 1650 996 1716 in
1017 1651 1085 1717 alto

247 1755 408 1819 cernimus
430 1764 464 1819 et
486 1754 600 1819 mundi
622 1755 762 1840 speciem
784 1755 904 1820 violare
927 1778 1073 1821 serenam

165 1860 225 1942 136
247 1881 321 1924 aera
343 1858 523 1923 mulcentes
546 1867 646 1924 motu.
691 1881 767 1923 nam
790 1882 885 1945 saepe
908 1859 1088 1947 Gigantum

247 1983 302 2025 ora
325 1960 430 2024 volare
453 1960 606 2025 videntur
628 1969 662 2025 et
685 1961 834 2026 umbram
857 1961 973 2027 ducere
996 1962 1070 2041 late,

246 2064 411 2128 interdum
433 2064 544 2150 magni
566 2072 693 2129 montes
715 2065 888 2151 avolsaque
910 2087 988 2130 saxa

247 2168 413 2233 montibus
434 2169 559 2233 anteire
582 2178 615 2235 et
637 2169 737 2233 solem
760 2168 929 2234 succedere
951 2179 1087 2255 praeter,

167 2291 226 2353 140
247 2271 322 2336 inde
345 2272 424 2337 alios
447 2272 574 2337 trahere
597 2281 696 2358 atque
718 2271 870 2338 inducere
892 2273 990 2339 belua
1010 2273 1161 2359 nimbos]

167 2393 223 2456 143
292 2376 389 2439 Nunc
412 2398 450 2439 ea
473 2398 571 2460 quam
594 2374 681 2440 sacili
703 2388 737 2440 et
760 2376 857 2440 celeri
879 2376 1004 2440 ratione
1027 2385 1191 2461 genantur

248 2487 469 2564 perpetuoque
493 2479 598 2543 fluant
620 2478 662 2542 ab
685 2478 781 2543 rebus
803 2478 958 2564 lapsaque
981 2478 1098 2543 cedant

248 2706 375 2769 semper
397 2684 483 2747 enim
506 2705 670 2748 summum
693 2683 848 2769 quicquid
870 2683 910 2749 de
934 2685 1030 2749 rebus
1052 2685 1200 2750 abundat
1308 2699 1359 2766 145

248 2789 334 2874 quod
356 2788 546 2854 iaculentur.
591 2797 626 2853 et
649 2788 708 2853 hoc
731 2788 811 2852 alias
833 2810 906 2852 cum
929 2787 1078 2874 pervenit
1101 2789 1218 2866 iures,

248 2891 375 2968 transit,
398 2900 435 2955 ut
459 2892 492 2955 in
515 2891 628 2976 primis
651 2891 781 2955 vitrum.
826 2891 882 2955 sed
905 2891 964 2956 ubi
985 2913 1100 2977 aspera
1121 2914 1199 2956 saxa

248 3004 307 3058 aut
330 2995 364 3058 in
388 2994 557 3058 materiam
582 2994 661 3080 ligni
684 2993 842 3080 pervenit,
865 2993 912 3057 ibi
934 2993 1000 3057 iarn

249 3096 407 3162 scinditur
429 3105 467 3161 ut
489 3097 616 3160 nullum
639 3096 846 3160 simulacrum
870 3094 1002 3160 reddere
1025 3095 1135 3181 possit.
1164 3126 1167 3134 r

250 3210 285 3264 at
307 3223 380 3264 cum
404 3200 572 3285 splendida
594 3223 677 3285 quae
699 3208 848 3265 constant
872 3209 1008 3286 opposta
1030 3201 1163 3265 luerunt
1311 3214 1411 3280 150<

250 3303 421 3389 densaque,
445 3312 482 3367 ut
505 3304 539 3367 in
562 3303 675 3389 primis
697 3304 864 3388 speculum
887 3312 946 3380 est,
968 3303 1015 3367 nil
1037 3303 1156 3368 accidit
1179 3303 1313 3383 horum;

164 3603 264 3653 Probus
280 3605 308 3652 to
324 3603 371 3652 ecl.
388 3616 415 3652 vr
432 3603 463 3650 31
481 3617 524 3651 111
541 3601 701 3663 ambiguous.
808 3601 945 3658 lta-142,
964 3599 1094 3663 strangely
1109 3600 1266 3663 transposed
1281 3600 1310 3650 in
1326 3599 1367 3650 the
1399 3608 1411 3635 ⁴-

164 3700 227 3734 mss.
241 3700 269 3735 as
280 3699 340 3747 may
352 3685 383 3734 be
395 3699 455 3734 seen
466 3683 500 3747 by
512 3698 559 3733 our
570 3682 701 3733 lesthand
719 3683 881 3746 numbering‚
895 3699 961 3733 were
976 3683 1034 3733 first
1049 3682 1162 3745 brought
1175 3682 1234 3733 into
1250 3682 1323 3733 order
1336 3681 1366 3744 by
1405 3687 1411 3694 ‘

165 3767 210 3817 the
230 3770 365 3818 acuteness
382 3767 410 3815 of
424 3765 532 3815 Lambz
557 3779 598 3814 see
615 3765 695 3814 above
712 3780 737 3828 p.
750 3767 782 3814 30
799 3765 840 3814 lor
856 3780 872 3815 1
888 3764 1003 3827 possible
1019 3763 1188 3826 explanation
1206 3764 1236 3813 ol
1250 3763 1304 3814 this
1320 3763 1366 3814 dis-

165 3849 247 3900 order.
347 3849 393 3897 138
410 3853 486 3897 motu.
507 3864 573 3897 uum.
607 3856 698 3897 muttum
714 3851 744 3898 irc
760 3848 830 3898 Nicc.
842 3848 887 3897 the
899 3862 975 3897 causa
990 3847 1019 3896 of
1033 3848 1105 3908 great
1116 3845 1367 3896 confusioninlater

164 3949 227 3984 mss.
240 3933 293 3985 and
304 3932 357 3982 eds.
369 3932 455 3982 before
467 3931 530 3981 Mar.
544 3931 616 3983 Junt.
631 3931 684 3980 and
695 3931 787 3981 Lamb.
887 3930 934 3979 143
945 3935 1070 3992 quantur
1080 3928 1172 3978 Lamb.
1184 3927 1227 3978 ior
1237 3936 1365 3992 guantur:

166 4029 182 4064 a
193 4029 329 4077 necessary
340 4013 438 4075 change
449 4011 517 4070 here,
530 4011 630 4074 though
640 4011 673 4061 he
686 4012 757 4060 osten
769 4010 918 4061 introduces
930 4009 974 4060 the
985 4009 1056 4059 word
1066 4008 1176 4058 without
1186 4023 1274 4060 cause.

198 4097 271 4146 Alter
283 4096 330 4143 144
342 4111 358 4145 1
368 4109 439 4143 verse
449 4093 498 4142 has
509 4092 659 4155 maniresuy
670 4093 734 4142 been
745 4092 812 4143 lost:
829 4093 850 4142 it
861 4092 884 4142 is
896 4091 1000 4141 curicus
1012 4090 1069 4141 that
1080 4091 1208 4140 Marullus
1217 4089 1365 4142 andLamh.

167 4176 261 4226 should
272 4176 338 4227 have
353 4173 505 4225 overlooked
520 4173 581 4224 this.
618 4172 704 4222 ‘deest
715 4173 820 4236 Percipe
833 4173 872 4222 vel
885 4173 1034 4235 Eapediom,
1047 4174 1104 4221 tum
1120 4171 1234 4233 paucula
1248 4187 1265 4222 a
1278 4169 1367 4234 quibus

166 4257 232 4308 illud
243 4260 309 4307 enim
320 4255 389 4318 quod
401 4254 527 4304 subicitur
534 4254 657 4317 pendeat'
666 4253 748 4304 Lach.
815 4255 862 4305 147
873 4253 981 4303 and152
990 4257 1085 4303 ultrum
1093 4251 1366 4316 uppenriederforvu-

168 4348 227 4390 tem:
242 4354 403 4403 anecessary
411 4337 554 4388 correction
562 4335 647 4386 which
655 4336 676 4385 it
688 4336 711 4385 is
723 4340 828 4399 strange
839 4336 942 4386 neither
951 4336 1042 4386 Lamb.
1050 4349 1100 4385 nor
1110 4335 1192 4384 Lech.
1200 4334 1297 4386 should
1305 4333 1366 4384 have

168 4421 257 4472 mado:
275 4419 366 4469 Lamb.
378 4418 470 4470 indeed
481 4433 536 4469 sees
547 4417 592 4467 the
607 4416 732 4480 difficulty
748 4416 868 4467 involved
884 4416 912 4466 in
929 4414 1117 4475 1111111111
1132 4415 1194 4467 does
1208 4419 1271 4468 not:
1288 4427 1366 4476 comp·
