2834 4792
652 198 684 265 V

149 387 232 451 quae
255 365 319 431 tibi
341 364 502 451 posterius
524 365 613 452 largo
635 387 781 431 sermone
803 366 954 452 probabo.

150 467 257 533 dicere
279 491 373 554 porro
395 469 563 534 hominum
586 492 683 534 causa
705 470 843 536 voluisse
865 492 978 556 perure

150 573 346 657 praeclaram
369 573 484 638 mundi
506 582 656 638 naturam
679 554 912 660 proptereaque

150 675 355 741 adlaudabile
377 697 457 760 opus
480 676 587 741 divom
611 677 742 742 laudare
765 677 877 742 decere

150 789 384 867 aeternumque
406 789 522 867 putare
544 789 644 866 atque
666 780 836 846 inmortale
859 781 1007 845 futurum

151 907 211 949 nec
232 885 280 949 fas
302 907 380 960 esee,
404 884 501 949 deum
524 884 610 969 quod
631 884 675 948 sit
697 884 821 949 ratione
843 892 975 949 vetusta

150 988 304 1074 gentibus
327 988 478 1052 humenis
499 987 673 1052 fundatum
695 996 853 1074 perpetuo
875 1010 964 1064 aevo,

150 1091 310 1157 solicitare
333 1092 399 1157 suis
421 1091 488 1156 ulla
510 1091 543 1156 vi
565 1114 605 1156 ex
628 1091 758 1157 sedibus
781 1114 937 1178 umquam

149 1216 209 1259 nec
231 1195 336 1259 verbis
358 1216 474 1259 vexare
497 1203 532 1258 et
553 1193 595 1258 ab
617 1193 682 1258 imo
704 1202 849 1258 evertere
871 1217 1007 1270 summe,

149 1308 257 1363 cetera
278 1299 319 1363 de
340 1320 458 1385 genere
482 1299 541 1363 hoc
562 1299 726 1385 adfingere
749 1308 784 1363 et
806 1299 932 1375 addere,
956 1299 1101 1375 Memmi,

148 1403 333 1489 desiperent.
364 1404 442 1489 quid
466 1404 553 1468 enim
576 1404 801 1468 inmortalibus
823 1413 924 1490 atque
946 1404 1052 1469 beatis

149 1506 256 1592 gratia
277 1515 387 1571 nostra
408 1516 508 1592 queat
530 1506 676 1593 largirier
697 1507 918 1584 emolumenti,

149 1618 189 1673 ut
210 1617 320 1673 nostre
341 1609 513 1696 quicquam
536 1631 632 1674 cause
653 1632 765 1696 gerere
788 1611 1044 1697 adgrediuntur?

150 1713 268 1799 quidve
289 1713 365 1777 novi
386 1715 495 1800 potuit
519 1722 612 1779 tanto
635 1723 708 1799 post
731 1723 808 1780 ante
831 1715 957 1801 quietos

152 1815 281 1880 inlicere
304 1825 343 1880 ut
365 1825 520 1903 cuperent
542 1817 644 1882 vitam
668 1827 795 1881 mutare
817 1818 981 1903 priorem?

149 1940 225 1981 nam
247 1918 388 2004 gaudere
410 1919 501 1982 novis
524 1919 620 1983 rebus
642 1918 758 1991 debore
781 1919 912 1984 videtur

150 2021 203 2086 cui
225 2031 350 2086 veteres
371 2022 508 2101 obsunt;
537 2022 594 2087 sed
616 2022 668 2086 cui
689 2023 737 2086 nil
758 2023 876 2087 eccidit
898 2023 987 2110 aegri

150 2133 295 2212 tempore
317 2127 352 2189 in
374 2134 532 2204 anteacto,
555 2149 629 2191 cum
651 2127 784 2212 pulchre
807 2126 939 2212 degeret
961 2149 1082 2204 aevom,

149 2229 227 2314 quid
249 2229 358 2315 potuit
380 2229 534 2299 novitatis
556 2251 697 2294 amorem
720 2229 892 2294 accendere
915 2230 997 2294 tali?

70 2347 125 2414 [75
149 2354 200 2408 en,
221 2333 323 2406 credo,
347 2333 547 2398 intenebris
569 2334 637 2397 vita
659 2355 696 2397 ec
719 2354 861 2397 maerore
884 2333 1020 2410 iacebat,

149 2436 249 2500 donec
272 2436 391 2500 diluxit
412 2459 520 2501 rerum
542 2436 695 2524 genitalis
717 2437 814 2523 origo.

70 2557 130 2622 [74
151 2539 269 2625 quidve
293 2539 370 2603 mali
392 2540 498 2604 fuerat
519 2539 612 2604 nobis
635 2562 698 2603 non
722 2561 790 2604 esse
814 2540 952 2604 creetis?

70 2658 127 2724 [77
150 2650 246 2706 natus
269 2642 356 2706 enim
378 2642 477 2706 debet
498 2642 694 2727 quicumque
716 2651 766 2707 est
789 2642 870 2707 velle
893 2664 1023 2707 manere

149 2745 185 2808 in
206 2747 283 2822 vite,
307 2746 408 2810 donec
431 2745 587 2810 retinebit
607 2745 728 2810 blanda
749 2746 905 2830 voluptas.

150 2849 207 2934 qui
228 2872 407 2934 numquam
430 2871 504 2914 vero
526 2850 613 2914 vitae
635 2850 782 2936 gnstavit
804 2871 946 2913 amorem

148 2974 209 3016 nec
231 2953 295 3017 fuit
317 2953 352 3016 in
374 2975 517 3030 numeru,
540 2952 618 3038 quid
641 2954 733 3018 obest
755 2975 820 3016 non
843 2976 911 3018 esse
934 2959 1103 3019 creatum?
1204 2960 1264 3022 180

150 3056 334 3140 exemplum
356 3078 450 3142 porro
472 3056 650 3143 gignundis
674 3057 771 3121 rebus
794 3066 828 3121 et
850 3057 921 3142 ipsa

147 3156 281 3221 notities
303 3157 386 3222 divis
409 3159 577 3223 hominum
600 3158 686 3223 unde
709 3167 758 3223 est
780 3158 879 3223 insita
900 3161 1042 3246 primum

148 3258 227 3343 quid
249 3260 370 3325 vellent
393 3262 496 3326 facere
518 3270 557 3326 ut
579 3263 698 3327 scirent
721 3263 892 3346 animoque
915 3265 1071 3341 viderent,

148 3383 253 3446 quove
275 3363 402 3428 modost
422 3386 578 3450 umquem
601 3365 649 3429 vis
671 3366 800 3451 cognita
822 3367 1052 3453 principiorum

149 3465 292 3552 quidque
314 3467 400 3532 inter
422 3490 489 3534 sese
510 3477 695 3555 permutato
717 3469 828 3534 ordine
851 3481 991 3556 possent,

149 3568 178 3633 si
200 3592 264 3633 non
285 3570 356 3656 ipse
378 3572 469 3636 dedit
491 3574 654 3658 specimen
676 3582 794 3638 natura
816 3575 972 3640 creandi?

148 3693 288 3758 namque
311 3674 359 3738 ite
380 3675 486 3740 multa
508 3676 611 3740 modis
633 3677 747 3741 multis
768 3677 944 3760 primordia
966 3700 1075 3742 rerum

70 3860 163 3909 limum
173 3859 254 3908 Lech.
289 3866 374 3908 tenues
385 3874 430 3909 ceu
441 3874 545 3922 corpora
556 3875 639 3910 eorum
649 3861 699 3910 ud.
711 3860 740 3908 in
753 3863 829 3911 emcll
839 3861 879 3911 ed.
951 3863 1152 3912 leunclavius.
1185 3864 1265 3912 ullum

70 3942 195 3991 lehemb.
208 3942 362 3991 Greechetc.
374 3941 633 4006 mostgratuitously.
735 3944 782 3993 163
799 3959 901 3993 mmmc.
934 3960 1053 3994 summam
1063 3944 1153 3995 Lamb.
1167 3947 1215 3994 etc.

112 4023 159 4076 174
172 4024 219 4074 175
232 4022 289 4088 (175
302 4022 358 4087 176)
371 4022 468 4086 rightly
478 4024 568 4086 placed
579 4024 612 4088 by
622 4024 713 4076 Lamb.
728 4025 814 4075 before
826 4025 872 4078 176
884 4027 966 4088 (174);
984 4026 1031 4076 but
1042 4027 1082 4075 for
1090 4028 1170 4085 credo,
1179 4026 1264 4076 which

70 4117 111 4152 an
128 4103 241 4166 scarcely
257 4103 288 4152 be
304 4102 382 4165 right,
396 4103 410 4151 I
426 4118 534 4166 propose
551 4120 659 4167 crepera.
695 4104 774 4155 Lech.
789 4105 875 4156 whom
892 4107 906 4155 I
923 4105 1040 4155 followed
1056 4106 1186 4169 formerly,
1202 4110 1264 4168 puts

70 4184 134 4235 them
151 4186 237 4236 belone
253 4187 310 4248 170,
330 4185 382 4235 and
398 4186 473 4236 reads
493 4190 528 4236 At
544 4186 584 4236 for
600 4190 641 4236 Au
656 4187 685 4236 in
703 4189 758 4238 174.
858 4190 904 4238 182
921 4191 989 4238 divis
1006 4191 1131 4238 hminum
1146 4191 1211 4239 uude
1229 4198 1265 4239 erl

70 4266 110 4318 ud.
125 4267 165 4317 lor
180 4269 306 4318 homiuum
321 4270 387 4317 divis
403 4271 468 4318 unde
483 4277 527 4318 est.
562 4271 687 4320 bornicum
702 4272 741 4320 dir
757 4271 956 4323 uudeemWalr.
969 4271 1051 4322 Lech.
1085 4279 1185 4322 esrom.
1198 4273 1264 4323 Mar.

70 4349 403 4401 ud.1Junt.1amb.etc.
437 4351 547 4400 dicisum
557 4353 625 4401 deest
641 4351 712 4401 Nico.
723 4352 795 4401 Mon.
807 4352 864 4404 Ver.
879 4352 942 4404 Ven.
1060 4355 1107 4403 185
1124 4369 1175 4404 rese
1190 4354 1260 4406 Brix„
