<?xml version="1.0" encoding="UTF-8"?>
<!DOCTYPE html PUBLIC "-//W3C//DTD XHTML 1.0 Transitional//EN"
    "http://www.w3.org/TR/xhtml1/DTD/xhtml1-transitional.dtd">
<html xmlns="http://www.w3.org/1999/xhtml" xml:lang="en" lang="en">
 <head>
  <title>
</title>
<meta http-equiv="Content-Type" content="text/html;charset=utf-8" />
  <meta name='ocr-system' content='tesseract 3.04.00' />
  <meta name='ocr-capabilities' content='ocr_page ocr_carea ocr_par ocr_line ocrx_word'/>
</head>
<body>
  <div class='ocr_page' id='page_1' title='image "./tlucreticarider02duffgoog_0218.png"; bbox 0 0 2834 4792; ppageno 0'>
   <div class='ocr_carea' id='block_1_1' title="bbox 641 245 692 310">
    <p class='ocr_par' dir='ltr' id='par_1_1' title="bbox 641 245 692 310">
     <span class='ocr_line' id='line_1_1' title="bbox 641 245 692 310; baseline -0.02 0"><span class='ocrx_word' id='word_1_1' title='bbox 641 245 692 310; x_wconf 91' lang='lat' dir='ltr'>IV</span> 
     </span>
    </p>
   </div>
   <div class='ocr_carea' id='block_1_2' title="bbox 122 407 1295 2151">
    <p class='ocr_par' dir='ltr' id='par_1_2' title="bbox 177 407 1295 1009">
     <span class='ocr_line' id='line_1_2' title="bbox 178 407 1069 493; baseline 0.001 -21"><span class='ocrx_word' id='word_1_2' title='bbox 178 416 213 472; x_wconf 87' lang='lat' dir='ltr'>et</span> <span class='ocrx_word' id='word_1_3' title='bbox 235 407 432 493; x_wconf 87' lang='lat' dir='ltr'>pecudeset</span> <span class='ocrx_word' id='word_1_4' title='bbox 454 429 555 492; x_wconf 87' lang='lat' dir='ltr'>equae</span> <span class='ocrx_word' id='word_1_5' title='bbox 577 407 721 472; x_wconf 92' lang='lat' dir='ltr'>maribus</span> <span class='ocrx_word' id='word_1_6' title='bbox 742 407 907 473; x_wconf 85' lang='lat' dir='ltr'>subsidere</span> <span class='ocrx_word' id='word_1_7' title='bbox 929 417 1069 493; x_wconf 83' lang='lat' dir='ltr'>possent,</span> 
     </span>
     <span class='ocr_line' id='line_1_3' title="bbox 178 511 1078 597; baseline 0.002 -22"><span class='ocrx_word' id='word_1_8' title='bbox 178 511 302 588; x_wconf 91' lang='lat' dir='ltr'>sinon,</span> <span class='ocrx_word' id='word_1_9' title='bbox 326 512 398 597; x_wconf 91' lang='lat' dir='ltr'>ipsa</span> <span class='ocrx_word' id='word_1_10' title='bbox 418 511 505 597; x_wconf 91' lang='lat' dir='ltr'>quod</span> <span class='ocrx_word' id='word_1_11' title='bbox 526 512 655 577; x_wconf 90' lang='lat' dir='ltr'>illorum</span> <span class='ocrx_word' id='word_1_12' title='bbox 677 511 774 577; x_wconf 91' lang='lat' dir='ltr'>subat</span> <span class='ocrx_word' id='word_1_13' title='bbox 795 513 888 577; x_wconf 91' lang='lat' dir='ltr'>ardet</span> <span class='ocrx_word' id='word_1_14' title='bbox 910 512 1078 577; x_wconf 89' lang='lat' dir='ltr'>abundans</span> 
     </span>
     <span class='ocr_line' id='line_1_4' title="bbox 178 616 1295 697; baseline 0.004 -18"><span class='ocrx_word' id='word_1_15' title='bbox 178 623 354 680; x_wconf 83' lang='lat' dir='ltr'>naturast</span> <span class='ocrx_word' id='word_1_16' title='bbox 376 616 537 680; x_wconf 83' lang='lat' dir='ltr'>Venerem</span> <span class='ocrx_word' id='word_1_17' title='bbox 559 616 732 681; x_wconf 80' lang='lat' dir='ltr'>salientum</span> <span class='ocrx_word' id='word_1_18' title='bbox 756 617 842 682; x_wconf 90' lang='lat' dir='ltr'>laeta</span> <span class='ocrx_word' id='word_1_19' title='bbox 864 625 1028 682; x_wconf 87' lang='lat' dir='ltr'>retractat.</span> <span class='ocrx_word' id='word_1_20' title='bbox 1192 634 1274 684; x_wconf 87' lang='lat'>1200</span> <span class='ocrx_word' id='word_1_21' title='bbox 1292 691 1295 697; x_wconf 51' lang='grc'>,</span> 
     </span>
     <span class='ocr_line' id='line_1_5' title="bbox 178 718 1051 806; baseline 0.003 -24"><span class='ocrx_word' id='word_1_22' title='bbox 178 740 285 783; x_wconf 87' lang='lat' dir='ltr'>nonne</span> <span class='ocrx_word' id='word_1_23' title='bbox 307 718 398 783; x_wconf 87' lang='lat' dir='ltr'>vides</span> <span class='ocrx_word' id='word_1_24' title='bbox 420 718 519 783; x_wconf 90' lang='lat' dir='ltr'>etiam</span> <span class='ocrx_word' id='word_1_25' title='bbox 542 740 623 804; x_wconf 91' lang='lat' dir='ltr'>quos</span> <span class='ocrx_word' id='word_1_26' title='bbox 646 729 762 784; x_wconf 91' lang='lat' dir='ltr'>mutua</span> <span class='ocrx_word' id='word_1_27' title='bbox 782 741 879 806; x_wconf 88' lang='lat' dir='ltr'>saepe</span> <span class='ocrx_word' id='word_1_28' title='bbox 901 721 1051 805; x_wconf 88' lang='lat' dir='ltr'>voluptas</span> 
     </span>
     <span class='ocr_line' id='line_1_6' title="bbox 177 821 1062 899; baseline 0.002 -13"><span class='ocrx_word' id='word_1_29' title='bbox 177 821 292 899; x_wconf 86' lang='lat' dir='ltr'>vinxit,</span> <span class='ocrx_word' id='word_1_30' title='bbox 315 830 354 886; x_wconf 90' lang='lat' dir='ltr'>ut</span> <span class='ocrx_word' id='word_1_31' title='bbox 376 822 411 886; x_wconf 93' lang='lat' dir='ltr'>in</span> <span class='ocrx_word' id='word_1_32' title='bbox 433 822 547 887; x_wconf 87' lang='lat' dir='ltr'>vinclis</span> <span class='ocrx_word' id='word_1_33' title='bbox 568 823 793 888; x_wconf 86' lang='lat' dir='ltr'>communibus</span> <span class='ocrx_word' id='word_1_34' title='bbox 815 823 1062 888; x_wconf 73' lang='lat' dir='ltr'>excrucientur?</span> 
     </span>
     <span class='ocr_line' id='line_1_7' title="bbox 178 919 1046 1009; baseline 0.001 -21"><span class='ocrx_word' id='word_1_35' title='bbox 178 919 213 988; x_wconf 92' lang='lat' dir='ltr'>in</span> <span class='ocrx_word' id='word_1_36' title='bbox 235 922 340 988; x_wconf 87' lang='lat' dir='ltr'>triviis</span> <span class='ocrx_word' id='word_1_37' title='bbox 362 945 460 1009; x_wconf 90' lang='lat' dir='ltr'>quam</span> <span class='ocrx_word' id='word_1_38' title='bbox 482 945 577 1009; x_wconf 82' lang='lat' dir='ltr'>saepe</span> <span class='ocrx_word' id='word_1_39' title='bbox 600 945 704 1002; x_wconf 85' lang='lat' dir='ltr'>canes,</span> <span class='ocrx_word' id='word_1_40' title='bbox 726 924 889 989; x_wconf 83' lang='lat' dir='ltr'>discedere</span> <span class='ocrx_word' id='word_1_41' title='bbox 911 925 1046 1002; x_wconf 89' lang='lat' dir='ltr'>aventis,</span> 
     </span>
    </p>

    <p class='ocr_par' dir='ltr' id='par_1_3' title="bbox 122 1028 968 1116">
     <span class='ocr_line' id='line_1_8' title="bbox 122 1028 968 1116; baseline 0 -23"><span class='ocrx_word' id='word_1_42' title='bbox 122 1046 157 1094; x_wconf 82' lang='grc' dir='ltr'>[ο</span> <span class='ocrx_word' id='word_1_43' title='bbox 178 1028 298 1095; x_wconf 89' lang='lat' dir='ltr'>divorsi</span> <span class='ocrx_word' id='word_1_44' title='bbox 319 1028 437 1116; x_wconf 89' lang='lat' dir='ltr'>cupide</span> <span class='ocrx_word' id='word_1_45' title='bbox 459 1028 595 1093; x_wconf 92' lang='lat' dir='ltr'>summis</span> <span class='ocrx_word' id='word_1_46' title='bbox 617 1051 658 1093; x_wconf 87' lang='lat' dir='ltr'>ex</span> <span class='ocrx_word' id='word_1_47' title='bbox 680 1029 795 1093; x_wconf 86' lang='lat' dir='ltr'>viribu&#39;</span> <span class='ocrx_word' id='word_1_48' title='bbox 818 1029 968 1106; x_wconf 91' lang='lat' dir='ltr'>tendunt,</span> 
     </span>
    </p>

    <p class='ocr_par' dir='ltr' id='par_1_4' title="bbox 122 1131 1269 1531">
     <span class='ocr_line' id='line_1_9' title="bbox 122 1131 1267 1220; baseline -0.003 -19"><span class='ocrx_word' id='word_1_49' title='bbox 122 1154 158 1216; x_wconf 83' lang='lat'>&gt;4</span> <span class='ocrx_word' id='word_1_50' title='bbox 179 1156 277 1220; x_wconf 92' lang='lat' dir='ltr'>quom</span> <span class='ocrx_word' id='word_1_51' title='bbox 299 1133 425 1198; x_wconf 87' lang='lat' dir='ltr'>interea</span> <span class='ocrx_word' id='word_1_52' title='bbox 446 1131 562 1196; x_wconf 91' lang='lat' dir='ltr'>validis</span> <span class='ocrx_word' id='word_1_53' title='bbox 584 1132 720 1196; x_wconf 89' lang='lat' dir='ltr'>Veneris</span> <span class='ocrx_word' id='word_1_54' title='bbox 742 1132 952 1219; x_wconf 80' lang='lat' dir='ltr'>compagibus</span> <span class='ocrx_word' id='word_1_55' title='bbox 974 1132 1126 1198; x_wconf 82' lang='lat' dir='ltr'>haerent!</span> <span class='ocrx_word' id='word_1_56' title='bbox 1189 1147 1267 1214; x_wconf 88' lang='lat'>1205</span> 
     </span>
     <span class='ocr_line' id='line_1_10' title="bbox 178 1235 1149 1324; baseline 0 -22"><span class='ocrx_word' id='word_1_57' title='bbox 178 1237 264 1324; x_wconf 93' lang='lat' dir='ltr'>quod</span> <span class='ocrx_word' id='word_1_58' title='bbox 287 1238 428 1301; x_wconf 82' lang='lat' dir='ltr'>facerent</span> <span class='ocrx_word' id='word_1_59' title='bbox 450 1256 628 1320; x_wconf 84' lang='lat' dir='ltr'>numquam</span> <span class='ocrx_word' id='word_1_60' title='bbox 652 1236 714 1298; x_wconf 89' lang='lat' dir='ltr'>nisi</span> <span class='ocrx_word' id='word_1_61' title='bbox 738 1245 855 1302; x_wconf 87' lang='lat' dir='ltr'>mutua</span> <span class='ocrx_word' id='word_1_62' title='bbox 875 1235 996 1322; x_wconf 88' lang='lat' dir='ltr'>gaudia</span> <span class='ocrx_word' id='word_1_63' title='bbox 1018 1245 1149 1302; x_wconf 76' lang='lat' dir='ltr'>nossent</span> 
     </span>
     <span class='ocr_line' id='line_1_11' title="bbox 177 1337 1112 1427; baseline -0.001 -23"><span class='ocrx_word' id='word_1_64' title='bbox 177 1363 260 1427; x_wconf 90' lang='lat' dir='ltr'>quae</span> <span class='ocrx_word' id='word_1_65' title='bbox 281 1339 385 1404; x_wconf 89' lang='lat' dir='ltr'>iacere</span> <span class='ocrx_word' id='word_1_66' title='bbox 405 1338 440 1402; x_wconf 90' lang='lat' dir='ltr'>in</span> <span class='ocrx_word' id='word_1_67' title='bbox 462 1337 607 1403; x_wconf 87' lang='lat' dir='ltr'>fraudem</span> <span class='ocrx_word' id='word_1_68' title='bbox 629 1346 761 1423; x_wconf 88' lang='lat' dir='ltr'>possent</span> <span class='ocrx_word' id='word_1_69' title='bbox 782 1338 971 1424; x_wconf 86' lang='lat' dir='ltr'>vinctosque</span> <span class='ocrx_word' id='word_1_70' title='bbox 992 1346 1112 1404; x_wconf 90' lang='lat' dir='ltr'>tenere.</span> 
     </span>
     <span class='ocr_line' id='line_1_12' title="bbox 177 1442 1269 1531; baseline -0.001 -21"><span class='ocrx_word' id='word_1_71' title='bbox 177 1467 276 1531; x_wconf 90' lang='lat' dir='ltr'>quare</span> <span class='ocrx_word' id='word_1_72' title='bbox 299 1445 401 1510; x_wconf 91' lang='lat' dir='ltr'>etiam</span> <span class='ocrx_word' id='word_1_73' title='bbox 423 1452 523 1529; x_wconf 90' lang='lat' dir='ltr'>atque</span> <span class='ocrx_word' id='word_1_74' title='bbox 544 1443 653 1519; x_wconf 89' lang='lat' dir='ltr'>etiam,</span> <span class='ocrx_word' id='word_1_75' title='bbox 675 1452 714 1506; x_wconf 93' lang='lat' dir='ltr'>ut</span> <span class='ocrx_word' id='word_1_76' title='bbox 740 1442 820 1519; x_wconf 89' lang='lat' dir='ltr'>dico,</span> <span class='ocrx_word' id='word_1_77' title='bbox 842 1454 892 1507; x_wconf 90' lang='lat' dir='ltr'>est</span> <span class='ocrx_word' id='word_1_78' title='bbox 919 1443 1091 1508; x_wconf 85' lang='lat' dir='ltr'>communi&#39;</span> <span class='ocrx_word' id='word_1_79' title='bbox 1112 1444 1269 1530; x_wconf 91' lang='lat' dir='ltr'>voluptas.</span> 
     </span>
    </p>

    <p class='ocr_par' dir='ltr' id='par_1_5' title="bbox 222 1545 998 1632">
     <span class='ocr_line' id='line_1_13' title="bbox 222 1545 998 1632; baseline -0.006 -18"><span class='ocrx_word' id='word_1_80' title='bbox 222 1550 265 1614; x_wconf 86' lang='lat' dir='ltr'>Et</span> <span class='ocrx_word' id='word_1_81' title='bbox 287 1547 521 1614; x_wconf 89' lang='lat' dir='ltr'>commiscendo</span> <span class='ocrx_word' id='word_1_82' title='bbox 544 1568 641 1632; x_wconf 92' lang='lat' dir='ltr'>quom</span> <span class='ocrx_word' id='word_1_83' title='bbox 664 1545 786 1610; x_wconf 90' lang='lat' dir='ltr'>semine</span> <span class='ocrx_word' id='word_1_84' title='bbox 810 1546 891 1610; x_wconf 81' lang='lat' dir='ltr'>forte</span> <span class='ocrx_word' id='word_1_85' title='bbox 913 1546 998 1610; x_wconf 90' lang='lat' dir='ltr'>virili</span> 
     </span>
    </p>

    <p class='ocr_par' dir='ltr' id='par_1_6' title="bbox 122 1650 1271 2151">
     <span class='ocr_line' id='line_1_14' title="bbox 122 1650 1271 1737; baseline 0 -20"><span class='ocrx_word' id='word_1_86' title='bbox 122 1672 156 1737; x_wconf 85' lang='lat'>&gt;9</span> <span class='ocrx_word' id='word_1_87' title='bbox 178 1653 298 1717; x_wconf 88' lang='lat' dir='ltr'>femina</span> <span class='ocrx_word' id='word_1_88' title='bbox 319 1653 386 1717; x_wconf 90' lang='lat' dir='ltr'>vim</span> <span class='ocrx_word' id='word_1_89' title='bbox 408 1651 487 1716; x_wconf 87' lang='lat' dir='ltr'>vicit</span> <span class='ocrx_word' id='word_1_90' title='bbox 508 1652 617 1716; x_wconf 91' lang='lat' dir='ltr'>subita</span> <span class='ocrx_word' id='word_1_91' title='bbox 639 1650 671 1714; x_wconf 90' lang='lat' dir='ltr'>vi</span> <span class='ocrx_word' id='word_1_92' title='bbox 693 1650 920 1737; x_wconf 86' lang='lat' dir='ltr'>corripuitque,</span> <span class='ocrx_word' id='word_1_93' title='bbox 1189 1668 1271 1718; x_wconf 89' lang='lat'>1210</span> 
     </span>
     <span class='ocr_line' id='line_1_15' title="bbox 177 1754 985 1828; baseline -0.004 -7"><span class='ocrx_word' id='word_1_94' title='bbox 177 1765 249 1821; x_wconf 93' lang='lat' dir='ltr'>tum</span> <span class='ocrx_word' id='word_1_95' title='bbox 271 1755 393 1820; x_wconf 88' lang='lat' dir='ltr'>similes</span> <span class='ocrx_word' id='word_1_96' title='bbox 415 1763 556 1818; x_wconf 90' lang='lat' dir='ltr'>matrum</span> <span class='ocrx_word' id='word_1_97' title='bbox 579 1763 725 1818; x_wconf 90' lang='lat' dir='ltr'>materno</span> <span class='ocrx_word' id='word_1_98' title='bbox 747 1754 870 1819; x_wconf 89' lang='lat' dir='ltr'>semine</span> <span class='ocrx_word' id='word_1_99' title='bbox 892 1755 985 1828; x_wconf 90' lang='lat' dir='ltr'>fiunt,</span> 
     </span>
     <span class='ocr_line' id='line_1_16' title="bbox 177 1857 1041 1946; baseline -0.002 -22"><span class='ocrx_word' id='word_1_100' title='bbox 177 1868 216 1924; x_wconf 92' lang='lat' dir='ltr'>ut</span> <span class='ocrx_word' id='word_1_101' title='bbox 238 1860 385 1946; x_wconf 91' lang='lat' dir='ltr'>patribus</span> <span class='ocrx_word' id='word_1_102' title='bbox 407 1859 520 1944; x_wconf 90' lang='lat' dir='ltr'>patrio.</span> <span class='ocrx_word' id='word_1_103' title='bbox 543 1858 600 1923; x_wconf 90' lang='lat' dir='ltr'>sed</span> <span class='ocrx_word' id='word_1_104' title='bbox 623 1880 703 1944; x_wconf 92' lang='lat' dir='ltr'>quos</span> <span class='ocrx_word' id='word_1_105' title='bbox 725 1858 895 1944; x_wconf 89' lang='lat' dir='ltr'>utriusque</span> <span class='ocrx_word' id='word_1_106' title='bbox 918 1857 1041 1944; x_wconf 79' lang='lat' dir='ltr'>figurae</span> 
     </span>
     <span class='ocr_line' id='line_1_17' title="bbox 177 1961 1024 2046; baseline -0.004 -17"><span class='ocrx_word' id='word_1_107' title='bbox 177 1985 246 2029; x_wconf 89' lang='lat' dir='ltr'>esse</span> <span class='ocrx_word' id='word_1_108' title='bbox 270 1963 368 2038; x_wconf 91' lang='lat' dir='ltr'>vides,</span> <span class='ocrx_word' id='word_1_109' title='bbox 391 1961 510 2027; x_wconf 85' lang='lat' dir='ltr'>iuxtim</span> <span class='ocrx_word' id='word_1_110' title='bbox 534 1961 705 2026; x_wconf 86' lang='lat' dir='ltr'>miscentes</span> <span class='ocrx_word' id='word_1_111' title='bbox 727 1962 820 2026; x_wconf 90' lang='lat' dir='ltr'>vulta</span> <span class='ocrx_word' id='word_1_112' title='bbox 842 1970 1024 2046; x_wconf 90' lang='lat' dir='ltr'>parentum,</span> 
     </span>
     <span class='ocr_line' id='line_1_18' title="bbox 177 2062 1081 2151; baseline -0.001 -21"><span class='ocrx_word' id='word_1_113' title='bbox 177 2088 306 2151; x_wconf 91' lang='lat' dir='ltr'>corpore</span> <span class='ocrx_word' id='word_1_114' title='bbox 329 2065 369 2130; x_wconf 90' lang='lat' dir='ltr'>de</span> <span class='ocrx_word' id='word_1_115' title='bbox 391 2062 498 2150; x_wconf 91' lang='lat' dir='ltr'>patrio</span> <span class='ocrx_word' id='word_1_116' title='bbox 520 2071 554 2128; x_wconf 91' lang='lat' dir='ltr'>et</span> <span class='ocrx_word' id='word_1_117' title='bbox 575 2072 723 2129; x_wconf 90' lang='lat' dir='ltr'>materno</span> <span class='ocrx_word' id='word_1_118' title='bbox 745 2064 902 2150; x_wconf 79' lang='lat' dir='ltr'>sanguine</span> <span class='ocrx_word' id='word_1_119' title='bbox 925 2072 1081 2141; x_wconf 89' lang='lat' dir='ltr'>crescunt,</span> 
     </span>
    </p>
   </div>
   <div class='ocr_carea' id='block_1_3' title="bbox 176 2166 1265 2352">
    <p class='ocr_par' dir='ltr' id='par_1_7' title="bbox 176 2166 1265 2352">
     <span class='ocr_line' id='line_1_19' title="bbox 176 2166 1265 2253; baseline -0.001 -20"><span class='ocrx_word' id='word_1_120' title='bbox 176 2169 395 2233; x_wconf 84' lang='lat' dir='ltr'>seminecum</span> <span class='ocrx_word' id='word_1_121' title='bbox 420 2167 554 2232; x_wconf 87' lang='lat' dir='ltr'>Veneris</span> <span class='ocrx_word' id='word_1_122' title='bbox 575 2167 717 2231; x_wconf 91' lang='lat' dir='ltr'>stimulis</span> <span class='ocrx_word' id='word_1_123' title='bbox 739 2166 846 2231; x_wconf 82' lang='lat' dir='ltr'>excita</span> <span class='ocrx_word' id='word_1_124' title='bbox 868 2190 925 2253; x_wconf 90' lang='lat' dir='ltr'>per</span> <span class='ocrx_word' id='word_1_125' title='bbox 946 2176 1037 2232; x_wconf 90' lang='lat' dir='ltr'>artus</span> <span class='ocrx_word' id='word_1_126' title='bbox 1187 2183 1265 2250; x_wconf 88' lang='lat'>1215</span> 
     </span>
     <span class='ocr_line' id='line_1_20' title="bbox 176 2265 925 2352; baseline -0.004 -19"><span class='ocrx_word' id='word_1_127' title='bbox 176 2268 271 2333; x_wconf 89' lang='lat' dir='ltr'>obvia</span> <span class='ocrx_word' id='word_1_128' title='bbox 292 2267 437 2332; x_wconf 86' lang='lat' dir='ltr'>conflixit</span> <span class='ocrx_word' id='word_1_129' title='bbox 459 2265 644 2352; x_wconf 83' lang='lat' dir='ltr'>conspirans</span> <span class='ocrx_word' id='word_1_130' title='bbox 666 2278 801 2330; x_wconf 90' lang='lat' dir='ltr'>mutuus</span> <span class='ocrx_word' id='word_1_131' title='bbox 823 2266 925 2343; x_wconf 88' lang='lat' dir='ltr'>ardor,</span> 
     </span>
    </p>
   </div>
   <div class='ocr_carea' id='block_1_4' title="bbox 175 2369 1268 3081">
    <p class='ocr_par' dir='ltr' id='par_1_8' title="bbox 177 2369 1127 2457">
     <span class='ocr_line' id='line_1_21' title="bbox 177 2369 1127 2457; baseline 0 -21"><span class='ocrx_word' id='word_1_132' title='bbox 177 2380 211 2436; x_wconf 87' lang='lat' dir='ltr'>et</span> <span class='ocrx_word' id='word_1_133' title='bbox 233 2393 338 2457; x_wconf 88' lang='lat' dir='ltr'>neque</span> <span class='ocrx_word' id='word_1_134' title='bbox 360 2379 472 2435; x_wconf 91' lang='lat' dir='ltr'>utrum</span> <span class='ocrx_word' id='word_1_135' title='bbox 495 2369 661 2455; x_wconf 87' lang='lat' dir='ltr'>superavit</span> <span class='ocrx_word' id='word_1_136' title='bbox 683 2392 794 2435; x_wconf 90' lang='lat' dir='ltr'>eorum</span> <span class='ocrx_word' id='word_1_137' title='bbox 817 2393 876 2435; x_wconf 91' lang='lat' dir='ltr'>nec</span> <span class='ocrx_word' id='word_1_138' title='bbox 898 2380 1127 2456; x_wconf 90' lang='lat' dir='ltr'>superatumst.</span> 
     </span>
    </p>

    <p class='ocr_par' dir='ltr' id='par_1_9' title="bbox 178 2473 1074 2559">
     <span class='ocr_line' id='line_1_22' title="bbox 178 2473 1074 2559; baseline 0.002 -21"><span class='ocrx_word' id='word_1_139' title='bbox 178 2475 217 2538; x_wconf 92' lang='lat' dir='ltr'>fit</span> <span class='ocrx_word' id='word_1_140' title='bbox 240 2496 368 2559; x_wconf 90' lang='lat' dir='ltr'>quoque</span> <span class='ocrx_word' id='word_1_141' title='bbox 390 2482 429 2538; x_wconf 91' lang='lat' dir='ltr'>ut</span> <span class='ocrx_word' id='word_1_142' title='bbox 451 2473 616 2538; x_wconf 90' lang='lat' dir='ltr'>interdum</span> <span class='ocrx_word' id='word_1_143' title='bbox 638 2473 759 2538; x_wconf 88' lang='lat' dir='ltr'>similes</span> <span class='ocrx_word' id='word_1_144' title='bbox 782 2474 919 2540; x_wconf 82' lang='lat' dir='ltr'>existere</span> <span class='ocrx_word' id='word_1_145' title='bbox 941 2498 1074 2541; x_wconf 89' lang='lat' dir='ltr'>avorum</span> 
     </span>
    </p>

    <p class='ocr_par' dir='ltr' id='par_1_10' title="bbox 175 2576 989 2665">
     <span class='ocr_line' id='line_1_23' title="bbox 175 2576 989 2665; baseline 0.001 -24"><span class='ocrx_word' id='word_1_146' title='bbox 175 2577 300 2663; x_wconf 89' lang='lat' dir='ltr'>possint</span> <span class='ocrx_word' id='word_1_147' title='bbox 322 2584 356 2640; x_wconf 91' lang='lat' dir='ltr'>et</span> <span class='ocrx_word' id='word_1_148' title='bbox 376 2576 517 2640; x_wconf 80' lang='lat' dir='ltr'>referant</span> <span class='ocrx_word' id='word_1_149' title='bbox 539 2597 730 2661; x_wconf 92' lang='lat' dir='ltr'>proavorum</span> <span class='ocrx_word' id='word_1_150' title='bbox 752 2599 848 2662; x_wconf 80' lang='lat' dir='ltr'>saepe</span> <span class='ocrx_word' id='word_1_151' title='bbox 870 2579 989 2665; x_wconf 86' lang='lat' dir='ltr'>figuras</span> 
     </span>
    </p>

    <p class='ocr_par' dir='ltr' id='par_1_11' title="bbox 176 2679 1268 2871">
     <span class='ocr_line' id='line_1_24' title="bbox 177 2679 1268 2768; baseline 0.003 -24"><span class='ocrx_word' id='word_1_152' title='bbox 177 2689 348 2768; x_wconf 89' lang='lat' dir='ltr'>propterea</span> <span class='ocrx_word' id='word_1_153' title='bbox 369 2679 447 2765; x_wconf 92' lang='lat' dir='ltr'>quia</span> <span class='ocrx_word' id='word_1_154' title='bbox 468 2681 574 2745; x_wconf 90' lang='lat' dir='ltr'>multa</span> <span class='ocrx_word' id='word_1_155' title='bbox 596 2681 698 2745; x_wconf 93' lang='lat' dir='ltr'>modis</span> <span class='ocrx_word' id='word_1_156' title='bbox 720 2681 895 2766; x_wconf 89' lang='lat' dir='ltr'>primordia</span> <span class='ocrx_word' id='word_1_157' title='bbox 916 2682 1029 2748; x_wconf 91' lang='lat' dir='ltr'>multis</span> <span class='ocrx_word' id='word_1_158' title='bbox 1186 2699 1268 2747; x_wconf 88' lang='lat'>1220</span> 
     </span>
     <span class='ocr_line' id='line_1_25' title="bbox 176 2785 990 2871; baseline 0.001 -23"><span class='ocrx_word' id='word_1_159' title='bbox 176 2785 281 2848; x_wconf 85' lang='lat' dir='ltr'>mixta</span> <span class='ocrx_word' id='word_1_160' title='bbox 302 2808 360 2849; x_wconf 90' lang='lat' dir='ltr'>suo</span> <span class='ocrx_word' id='word_1_161' title='bbox 382 2785 488 2850; x_wconf 92' lang='lat' dir='ltr'>celant</span> <span class='ocrx_word' id='word_1_162' title='bbox 510 2785 545 2848; x_wconf 91' lang='lat' dir='ltr'>in</span> <span class='ocrx_word' id='word_1_163' title='bbox 568 2807 697 2870; x_wconf 90' lang='lat' dir='ltr'>corpore</span> <span class='ocrx_word' id='word_1_164' title='bbox 720 2807 816 2871; x_wconf 86' lang='lat' dir='ltr'>saepe</span> <span class='ocrx_word' id='word_1_165' title='bbox 840 2785 990 2870; x_wconf 87' lang='lat' dir='ltr'>parentis,</span> 
     </span>
    </p>

    <p class='ocr_par' dir='ltr' id='par_1_12' title="bbox 176 2889 1091 2976">
     <span class='ocr_line' id='line_1_26' title="bbox 176 2889 1091 2976; baseline 0.003 -24"><span class='ocrx_word' id='word_1_166' title='bbox 176 2911 259 2975; x_wconf 91' lang='lat' dir='ltr'>quae</span> <span class='ocrx_word' id='word_1_167' title='bbox 282 2889 430 2974; x_wconf 90' lang='lat' dir='ltr'>patribus</span> <span class='ocrx_word' id='word_1_168' title='bbox 453 2897 561 2974; x_wconf 91' lang='lat' dir='ltr'>patres</span> <span class='ocrx_word' id='word_1_169' title='bbox 585 2889 720 2954; x_wconf 84' lang='lat' dir='ltr'>tradunt</span> <span class='ocrx_word' id='word_1_170' title='bbox 742 2891 784 2955; x_wconf 90' lang='lat' dir='ltr'>ab</span> <span class='ocrx_word' id='word_1_171' title='bbox 806 2890 907 2976; x_wconf 88' lang='lat' dir='ltr'>stirpe</span> <span class='ocrx_word' id='word_1_172' title='bbox 930 2892 1091 2976; x_wconf 81' lang='lat' dir='ltr'>prolecta3</span> 
     </span>
    </p>

    <p class='ocr_par' dir='ltr' id='par_1_13' title="bbox 176 2993 918 3081">
     <span class='ocr_line' id='line_1_27' title="bbox 176 2993 918 3081; baseline 0.003 -24"><span class='ocrx_word' id='word_1_173' title='bbox 176 2993 252 3058; x_wconf 91' lang='lat' dir='ltr'>inde</span> <span class='ocrx_word' id='word_1_174' title='bbox 274 2994 387 3057; x_wconf 88' lang='lat' dir='ltr'>Venus</span> <span class='ocrx_word' id='word_1_175' title='bbox 409 2993 498 3058; x_wconf 87' lang='lat' dir='ltr'>varia</span> <span class='ocrx_word' id='word_1_176' title='bbox 519 2993 668 3080; x_wconf 89' lang='lat' dir='ltr'>producit</span> <span class='ocrx_word' id='word_1_177' title='bbox 691 3003 775 3059; x_wconf 90' lang='lat' dir='ltr'>sorte</span> <span class='ocrx_word' id='word_1_178' title='bbox 798 2994 918 3081; x_wconf 87' lang='lat' dir='ltr'>figuras</span> 
     </span>
    </p>
   </div>
   <div class='ocr_carea' id='block_1_5' title="bbox 121 3262 1269 4468">
    <p class='ocr_par' dir='ltr' id='par_1_14' title="bbox 121 3262 1269 4468">
     <span class='ocr_line' id='line_1_28' title="bbox 122 3262 1267 3328; baseline 0.004 -16"><span class='ocrx_word' id='word_1_179' title='bbox 122 3263 159 3313; x_wconf 88' lang='lat' dir='ltr'>nb.</span> <span class='ocrx_word' id='word_1_180' title='bbox 291 3264 354 3314; x_wconf 85' lang='lat'>1198</span> <span class='ocrx_word' id='word_1_181' title='bbox 369 3271 476 3326; x_wconf 78' lang='lat' dir='ltr'>possent.</span> <span class='ocrx_word' id='word_1_182' title='bbox 510 3262 590 3313; x_wconf 84' lang='lat' dir='ltr'>hauh.</span> <span class='ocrx_word' id='word_1_183' title='bbox 603 3264 676 3312; x_wconf 89' lang='lat' dir='ltr'>reads</span> <span class='ocrx_word' id='word_1_184' title='bbox 684 3272 798 3328; x_wconf 80' lang='lat' dir='ltr'>possunt,</span> <span class='ocrx_word' id='word_1_185' title='bbox 812 3264 863 3313; x_wconf 93' lang='lat' dir='ltr'>and</span> <span class='ocrx_word' id='word_1_186' title='bbox 875 3265 954 3313; x_wconf 71' lang='lat' dir='ltr'>refers</span> <span class='ocrx_word' id='word_1_187' title='bbox 967 3267 1032 3326; x_wconf 84' lang='lat' dir='ltr'>qaod</span> <span class='ocrx_word' id='word_1_188' title='bbox 1044 3267 1145 3315; x_wconf 80' lang='lat' dir='ltr'>illoram</span> <span class='ocrx_word' id='word_1_189' title='bbox 1156 3268 1229 3316; x_wconf 77' lang='lat' dir='ltr'>rabat</span> <span class='ocrx_word' id='word_1_190' title='bbox 1240 3270 1267 3317; x_wconf 92' lang='grc' dir='ltr'>1ο</span> 
     </span>
     <span class='ocr_line' id='line_1_29' title="bbox 125 3344 1267 3398; baseline 0.004 -5"><span class='ocrx_word' id='word_1_191' title='bbox 125 3344 201 3396; x_wconf 91' lang='lat' dir='ltr'>mals.</span> <span class='ocrx_word' id='word_1_192' title='bbox 330 3345 394 3394; x_wconf 89' lang='grc'>1200</span> <span class='ocrx_word' id='word_1_193' title='bbox 409 3346 544 3394; x_wconf 78' lang='lat' dir='ltr'>salientum</span> <span class='ocrx_word' id='word_1_194' title='bbox 554 3345 620 3394; x_wconf 90' lang='lat' dir='ltr'>Mar.</span> <span class='ocrx_word' id='word_1_195' title='bbox 632 3345 690 3394; x_wconf 82' lang='lat' dir='ltr'>Ald.</span> <span class='ocrx_word' id='word_1_196' title='bbox 703 3345 717 3392; x_wconf 99' lang='grc'>1</span> <span class='ocrx_word' id='word_1_197' title='bbox 729 3344 746 3393; x_wconf 84' lang='lat' dir='ltr'><strong>J</strong></span> <span class='ocrx_word' id='word_1_198' title='bbox 747 3349 803 3394; x_wconf 85' lang='lat' dir='ltr'>unt.</span> <span class='ocrx_word' id='word_1_199' title='bbox 815 3345 856 3394; x_wconf 85' lang='lat' dir='ltr'>for</span> <span class='ocrx_word' id='word_1_200' title='bbox 867 3347 1008 3395; x_wconf 78' lang='lat' dir='ltr'>salientum.</span> <span class='ocrx_word' id='word_1_201' title='bbox 1042 3354 1164 3396; x_wconf 80' lang='lat' dir='ltr'>retractat</span> <span class='ocrx_word' id='word_1_202' title='bbox 1174 3347 1267 3398; x_wconf 82' lang='lat' dir='ltr'>hamb.</span> 
     </span>
     <span class='ocr_line' id='line_1_30' title="bbox 122 3425 1265 3481; baseline 0.003 -5"><span class='ocrx_word' id='word_1_203' title='bbox 122 3429 135 3476; x_wconf 82' lang='lat'>2</span> <span class='ocrx_word' id='word_1_204' title='bbox 146 3425 200 3475; x_wconf 89' lang='lat' dir='ltr'>and</span> <span class='ocrx_word' id='word_1_205' title='bbox 211 3427 225 3474; x_wconf 84' lang='lat'><strong>3</strong></span> <span class='ocrx_word' id='word_1_206' title='bbox 237 3425 294 3475; x_wconf 85' lang='lat' dir='ltr'>first</span> <span class='ocrx_word' id='word_1_207' title='bbox 305 3425 345 3474; x_wconf 84' lang='lat' dir='ltr'>ior</span> <span class='ocrx_word' id='word_1_208' title='bbox 355 3433 502 3477; x_wconf 80' lang='lat' dir='ltr'>retractant.</span> <span class='ocrx_word' id='word_1_209' title='bbox 637 3427 700 3478; x_wconf 91' lang='grc'>1201</span> <span class='ocrx_word' id='word_1_210' title='bbox 717 3429 794 3475; x_wconf 83' lang='lat' dir='ltr'>etiam</span> <span class='ocrx_word' id='word_1_211' title='bbox 805 3441 856 3475; x_wconf 89' lang='lat' dir='ltr'>om.</span> <span class='ocrx_word' id='word_1_212' title='bbox 868 3427 939 3476; x_wconf 88' lang='lat' dir='ltr'>Nico.</span> <span class='ocrx_word' id='word_1_213' title='bbox 951 3426 1021 3476; x_wconf 81' lang='lat' dir='ltr'>Flor.</span> <span class='ocrx_word' id='word_1_214' title='bbox 1034 3429 1065 3476; x_wconf 85' lang='grc'>31</span> <span class='ocrx_word' id='word_1_215' title='bbox 1078 3428 1164 3480; x_wconf 83' lang='lat' dir='ltr'>(lamb.</span> <span class='ocrx_word' id='word_1_216' title='bbox 1180 3430 1195 3476; x_wconf 84' lang='lat'>2</span> <span class='ocrx_word' id='word_1_217' title='bbox 1207 3429 1265 3481; x_wconf 83' lang='lat' dir='ltr'>Vat.</span> 
     </span>
     <span class='ocr_line' id='line_1_31' title="bbox 122 3506 1268 3572; baseline 0.002 -14"><span class='ocrx_word' id='word_1_218' title='bbox 122 3522 138 3558; x_wconf 82' lang='lat' dir='ltr'>r.</span> <span class='ocrx_word' id='word_1_219' title='bbox 153 3506 213 3556; x_wconf 87' lang='lat' dir='ltr'>Ver.</span> <span class='ocrx_word' id='word_1_220' title='bbox 224 3506 287 3557; x_wconf 84' lang='lat' dir='ltr'>Van</span> <span class='ocrx_word' id='word_1_221' title='bbox 300 3509 372 3556; x_wconf 78' lang='lat' dir='ltr'>ammi</span> <span class='ocrx_word' id='word_1_222' title='bbox 384 3522 432 3556; x_wconf 89' lang='lat' dir='ltr'>ons</span> <span class='ocrx_word' id='word_1_223' title='bbox 444 3507 503 3556; x_wconf 89' lang='lat' dir='ltr'>Vat.</span> <span class='ocrx_word' id='word_1_224' title='bbox 544 3508 703 3558; x_wconf 75' lang='grc'>1110121711.</span> <span class='ocrx_word' id='word_1_225' title='bbox 747 3511 825 3557; x_wconf 81' lang='lat' dir='ltr'>etiam</span> <span class='ocrx_word' id='word_1_226' title='bbox 840 3507 868 3557; x_wconf 83' lang='lat' dir='ltr'>of</span> <span class='ocrx_word' id='word_1_227' title='bbox 881 3509 925 3556; x_wconf 85' lang='lat' dir='ltr'>AB</span> <span class='ocrx_word' id='word_1_228' title='bbox 940 3508 1037 3571; x_wconf 78' lang='lat' dir='ltr'>rightly</span> <span class='ocrx_word' id='word_1_229' title='bbox 1050 3508 1132 3559; x_wconf 86' lang='lat' dir='ltr'>added</span> <span class='ocrx_word' id='word_1_230' title='bbox 1146 3509 1179 3572; x_wconf 79' lang='lat' dir='ltr'>by</span> <span class='ocrx_word' id='word_1_231' title='bbox 1190 3510 1268 3560; x_wconf 86' lang='lat' dir='ltr'>Pont.</span> 
     </span>
     <span class='ocr_line' id='line_1_32' title="bbox 136 3589 1269 3654; baseline 0.004 -16"><span class='ocrx_word' id='word_1_232' title='bbox 136 3589 233 3639; x_wconf 79' lang='lat' dir='ltr'>Awana.</span> <span class='ocrx_word' id='word_1_233' title='bbox 366 3590 429 3638; x_wconf 91' lang='grc'>1202</span> <span class='ocrx_word' id='word_1_234' title='bbox 445 3592 537 3639; x_wconf 78' lang='lat' dir='ltr'>nimiis</span> <span class='ocrx_word' id='word_1_235' title='bbox 554 3590 620 3640; x_wconf 85' lang='lat' dir='ltr'>Mar.</span> <span class='ocrx_word' id='word_1_236' title='bbox 637 3590 694 3639; x_wconf 77' lang='lat' dir='ltr'>hld.</span> <span class='ocrx_word' id='word_1_237' title='bbox 714 3593 727 3639; x_wconf 97' lang='lat'>1</span> <span class='ocrx_word' id='word_1_238' title='bbox 744 3591 818 3642; x_wconf 78' lang='lat' dir='ltr'>lunt.</span> <span class='ocrx_word' id='word_1_239' title='bbox 837 3591 877 3639; x_wconf 86' lang='lat' dir='ltr'>for</span> <span class='ocrx_word' id='word_1_240' title='bbox 892 3593 993 3641; x_wconf 82' lang='lat' dir='ltr'>vinciis.</span> <span class='ocrx_word' id='word_1_241' title='bbox 1114 3593 1177 3641; x_wconf 85' lang='grc'>1203</span> <span class='ocrx_word' id='word_1_242' title='bbox 1194 3608 1269 3654; x_wconf 81' lang='lat' dir='ltr'>quam</span> 
     </span>
     <span class='ocr_line' id='line_1_33' title="bbox 122 3669 1265 3736; baseline 0.003 -18"><span class='ocrx_word' id='word_1_243' title='bbox 122 3670 148 3719; x_wconf 94' lang='lat' dir='ltr'>h.</span> <span class='ocrx_word' id='word_1_244' title='bbox 167 3669 207 3718; x_wconf 79' lang='lat' dir='ltr'>lor</span> <span class='ocrx_word' id='word_1_245' title='bbox 223 3685 285 3719; x_wconf 85' lang='lat' dir='ltr'>cum.</span> <span class='ocrx_word' id='word_1_246' title='bbox 327 3673 389 3731; x_wconf 80' lang='lat' dir='ltr'>quin</span> <span class='ocrx_word' id='word_1_247' title='bbox 405 3670 471 3720; x_wconf 86' lang='lat' dir='ltr'>Mar.</span> <span class='ocrx_word' id='word_1_248' title='bbox 489 3671 563 3722; x_wconf 88' lang='lat' dir='ltr'>Junt.</span> <span class='ocrx_word' id='word_1_249' title='bbox 582 3671 673 3723; x_wconf 81' lang='lat' dir='ltr'>hamb.</span> <span class='ocrx_word' id='word_1_250' title='bbox 693 3672 733 3722; x_wconf 87' lang='lat' dir='ltr'>ed.</span> <span class='ocrx_word' id='word_1_251' title='bbox 752 3673 766 3720; x_wconf 94' lang='grc'>1</span> <span class='ocrx_word' id='word_1_252' title='bbox 784 3672 836 3722; x_wconf 90' lang='lat' dir='ltr'>and</span> <span class='ocrx_word' id='word_1_253' title='bbox 855 3674 878 3721; x_wconf 83' lang='lat'>2.</span> <span class='ocrx_word' id='word_1_254' title='bbox 920 3689 970 3723; x_wconf 83' lang='lat' dir='ltr'>non</span> <span class='ocrx_word' id='word_1_255' title='bbox 985 3688 1058 3735; x_wconf 83' lang='lat' dir='ltr'>saepe</span> <span class='ocrx_word' id='word_1_256' title='bbox 1074 3673 1164 3722; x_wconf 81' lang='lat' dir='ltr'>hamb.</span> <span class='ocrx_word' id='word_1_257' title='bbox 1181 3673 1221 3724; x_wconf 89' lang='lat' dir='ltr'>ed.</span> <span class='ocrx_word' id='word_1_258' title='bbox 1242 3675 1265 3736; x_wconf 82' lang='lat'>3,</span> 
     </span>
     <span class='ocr_line' id='line_1_34' title="bbox 122 3751 1268 3817; baseline 0.005 -17"><span class='ocrx_word' id='word_1_259' title='bbox 122 3751 174 3800; x_wconf 85' lang='lat' dir='ltr'>sch.</span> <span class='ocrx_word' id='word_1_260' title='bbox 277 3751 341 3800; x_wconf 89' lang='grc'>1204</span> <span class='ocrx_word' id='word_1_261' title='bbox 358 3752 440 3817; x_wconf 88' lang='grc'>(1210)</span> <span class='ocrx_word' id='word_1_262' title='bbox 458 3752 516 3801; x_wconf 88' lang='lat' dir='ltr'>first</span> <span class='ocrx_word' id='word_1_263' title='bbox 531 3753 643 3815; x_wconf 83' lang='lat' dir='ltr'>brought</span> <span class='ocrx_word' id='word_1_264' title='bbox 659 3753 720 3803; x_wconf 89' lang='lat' dir='ltr'>here</span> <span class='ocrx_word' id='word_1_265' title='bbox 736 3754 770 3817; x_wconf 86' lang='lat' dir='ltr'>by</span> <span class='ocrx_word' id='word_1_266' title='bbox 786 3754 895 3816; x_wconf 82' lang='lat' dir='ltr'>Nauger.</span> <span class='ocrx_word' id='word_1_267' title='bbox 999 3757 1062 3806; x_wconf 86' lang='grc'>1207</span> <span class='ocrx_word' id='word_1_268' title='bbox 1079 3758 1160 3805; x_wconf 86' lang='lat' dir='ltr'>lacere</span> <span class='ocrx_word' id='word_1_269' title='bbox 1176 3756 1268 3806; x_wconf 80' lang='lat' dir='ltr'>hamb.</span> 
     </span>
     <span class='ocr_line' id='line_1_35' title="bbox 132 3832 1269 3901; baseline 0.004 -19"><span class='ocrx_word' id='word_1_270' title='bbox 132 3832 213 3882; x_wconf 82' lang='lat' dir='ltr'>above</span> <span class='ocrx_word' id='word_1_271' title='bbox 226 3832 289 3881; x_wconf 87' lang='grc'>1146</span> <span class='ocrx_word' id='word_1_272' title='bbox 301 3835 432 3893; x_wconf 77' lang='lat' dir='ltr'>luctamur,</span> <span class='ocrx_word' id='word_1_273' title='bbox 444 3834 554 3884; x_wconf 85' lang='lat' dir='ltr'>without</span> <span class='ocrx_word' id='word_1_274' title='bbox 566 3849 651 3884; x_wconf 86' lang='lat' dir='ltr'>cause.</span> <span class='ocrx_word' id='word_1_275' title='bbox 751 3837 814 3887; x_wconf 87' lang='grc'>1209</span> <span class='ocrx_word' id='word_1_276' title='bbox 831 3839 930 3886; x_wconf 83' lang='lat' dir='ltr'>semine.</span> <span class='ocrx_word' id='word_1_277' title='bbox 964 3852 1044 3886; x_wconf 83' lang='lat' dir='ltr'>semem</span> <span class='ocrx_word' id='word_1_278' title='bbox 1054 3837 1139 3886; x_wconf 85' lang='lat' dir='ltr'>would</span> <span class='ocrx_word' id='word_1_279' title='bbox 1153 3837 1269 3901; x_wconf 82' lang='lat' dir='ltr'>simpliiy</span> 
     </span>
     <span class='ocr_line' id='line_1_36' title="bbox 129 3911 1267 3978; baseline 0.005 -17"><span class='ocrx_word' id='word_1_280' title='bbox 129 3914 226 3962; x_wconf 85' lang='lat' dir='ltr'>constr.</span> <span class='ocrx_word' id='word_1_281' title='bbox 365 3913 429 3962; x_wconf 90' lang='grc'>1210</span> <span class='ocrx_word' id='word_1_282' title='bbox 444 3911 496 3963; x_wconf 80' lang='lat' dir='ltr'>alm</span> <span class='ocrx_word' id='word_1_283' title='bbox 513 3916 577 3963; x_wconf 80' lang='lat' dir='ltr'>uicit</span> <span class='ocrx_word' id='word_1_284' title='bbox 595 3914 738 3964; x_wconf 83' lang='lat' dir='ltr'>Salmasius</span> <span class='ocrx_word' id='word_1_285' title='bbox 755 3917 795 3965; x_wconf 85' lang='lat' dir='ltr'>for</span> <span class='ocrx_word' id='word_1_286' title='bbox 806 3919 832 3966; x_wconf 85' lang='lat' dir='ltr'>oi</span> <span class='ocrx_word' id='word_1_287' title='bbox 849 3920 949 3967; x_wconf 83' lang='lat' dir='ltr'>maleit:</span> <span class='ocrx_word' id='word_1_288' title='bbox 970 3932 985 3967; x_wconf 90' lang='lat' dir='ltr'>a</span> <span class='ocrx_word' id='word_1_289' title='bbox 1002 3917 1101 3966; x_wconf 89' lang='lat' dir='ltr'>certain</span> <span class='ocrx_word' id='word_1_290' title='bbox 1117 3917 1267 3978; x_wconf 86' lang='lat' dir='ltr'>correction,</span> 
     </span>
     <span class='ocr_line' id='line_1_37' title="bbox 122 3994 1269 4064; baseline 0.004 -20"><span class='ocrx_word' id='word_1_291' title='bbox 122 3995 152 4044; x_wconf 87' lang='lat' dir='ltr'>ah</span> <span class='ocrx_word' id='word_1_292' title='bbox 163 3994 239 4044; x_wconf 84' lang='lat' dir='ltr'>Wak.</span> <span class='ocrx_word' id='word_1_293' title='bbox 251 3994 304 4045; x_wconf 87' lang='lat' dir='ltr'>and</span> <span class='ocrx_word' id='word_1_294' title='bbox 314 3995 396 4045; x_wconf 82' lang='lat' dir='ltr'>hach.</span> <span class='ocrx_word' id='word_1_295' title='bbox 407 3996 489 4059; x_wconf 80' lang='lat' dir='ltr'>justly</span> <span class='ocrx_word' id='word_1_296' title='bbox 500 3996 591 4060; x_wconf 84' lang='lat' dir='ltr'>adopt:</span> <span class='ocrx_word' id='word_1_297' title='bbox 609 3997 654 4048; x_wconf 87' lang='lat' dir='ltr'>the</span> <span class='ocrx_word' id='word_1_298' title='bbox 665 3997 735 4048; x_wconf 91' lang='lat' dir='ltr'>older</span> <span class='ocrx_word' id='word_1_299' title='bbox 746 3999 865 4061; x_wconf 83' lang='lat' dir='ltr'>readings</span> <span class='ocrx_word' id='word_1_300' title='bbox 881 4014 923 4048; x_wconf 89' lang='lat' dir='ltr'>are</span> <span class='ocrx_word' id='word_1_301' title='bbox 936 4003 983 4048; x_wconf 88' lang='lat' dir='ltr'>not</span> <span class='ocrx_word' id='word_1_302' title='bbox 995 3999 1077 4049; x_wconf 87' lang='lat' dir='ltr'>worth</span> <span class='ocrx_word' id='word_1_303' title='bbox 1091 3998 1254 4062; x_wconf 82' lang='lat' dir='ltr'>mentioning</span> <span class='ocrx_word' id='word_1_304' title='bbox 1260 4021 1269 4064; x_wconf 89' lang='lat'>;</span> 
     </span>
     <span class='ocr_line' id='line_1_38' title="bbox 122 4076 1268 4143; baseline 0.005 -17"><span class='ocrx_word' id='word_1_305' title='bbox 122 4077 157 4127; x_wconf 83' lang='lat' dir='ltr'>rb.</span> <span class='ocrx_word' id='word_1_306' title='bbox 175 4077 205 4126; x_wconf 92' lang='lat' dir='ltr'>in</span> <span class='ocrx_word' id='word_1_307' title='bbox 221 4077 282 4126; x_wconf 88' lang='lat' dir='ltr'>vain</span> <span class='ocrx_word' id='word_1_308' title='bbox 298 4076 360 4126; x_wconf 87' lang='lat' dir='ltr'>tries</span> <span class='ocrx_word' id='word_1_309' title='bbox 376 4079 404 4126; x_wconf 91' lang='grc'>10</span> <span class='ocrx_word' id='word_1_310' title='bbox 421 4077 544 4127; x_wconf 82' lang='lat' dir='ltr'>extricato</span> <span class='ocrx_word' id='word_1_311' title='bbox 563 4078 682 4128; x_wconf 83' lang='lat' dir='ltr'>himself:</span> <span class='ocrx_word' id='word_1_312' title='bbox 705 4079 726 4128; x_wconf 91' lang='lat' dir='ltr'>it</span> <span class='ocrx_word' id='word_1_313' title='bbox 743 4094 851 4143; x_wconf 88' lang='lat' dir='ltr'>appears</span> <span class='ocrx_word' id='word_1_314' title='bbox 869 4081 936 4129; x_wconf 85' lang='lat' dir='ltr'>from</span> <span class='ocrx_word' id='word_1_315' title='bbox 953 4082 1001 4131; x_wconf 82' lang='lat'>500</span> <span class='ocrx_word' id='word_1_316' title='bbox 1017 4080 1149 4131; x_wconf 86' lang='lat' dir='ltr'>instanoas</span> <span class='ocrx_word' id='word_1_317' title='bbox 1165 4080 1223 4131; x_wconf 77' lang='lat' dir='ltr'>that</span> <span class='ocrx_word' id='word_1_318' title='bbox 1239 4082 1268 4132; x_wconf 92' lang='lat' dir='ltr'>in</span> 
     </span>
     <span class='ocr_line' id='line_1_39' title="bbox 126 4157 1267 4223; baseline 0.005 -17"><span class='ocrx_word' id='word_1_319' title='bbox 126 4157 272 4220; x_wconf 80' lang='lat' dir='ltr'>archetype,</span> <span class='ocrx_word' id='word_1_320' title='bbox 290 4172 319 4206; x_wconf 90' lang='lat' dir='ltr'>as</span> <span class='ocrx_word' id='word_1_321' title='bbox 336 4157 365 4206; x_wconf 92' lang='lat' dir='ltr'>in</span> <span class='ocrx_word' id='word_1_322' title='bbox 387 4157 461 4208; x_wconf 89' lang='lat' dir='ltr'>other</span> <span class='ocrx_word' id='word_1_323' title='bbox 478 4169 542 4207; x_wconf 84' lang='lat' dir='ltr'>mss.</span> <span class='ocrx_word' id='word_1_324' title='bbox 562 4158 664 4208; x_wconf 90' lang='lat' dir='ltr'>written</span> <span class='ocrx_word' id='word_1_325' title='bbox 684 4161 713 4208; x_wconf 94' lang='lat' dir='ltr'>in</span> <span class='ocrx_word' id='word_1_326' title='bbox 731 4175 824 4221; x_wconf 86' lang='lat' dir='ltr'>square</span> <span class='ocrx_word' id='word_1_327' title='bbox 842 4160 960 4223; x_wconf 87' lang='lat' dir='ltr'>capitals,</span> <span class='ocrx_word' id='word_1_328' title='bbox 982 4160 1063 4211; x_wconf 89' lang='lat' dir='ltr'>land</span> <span class='ocrx_word' id='word_1_329' title='bbox 1082 4164 1093 4210; x_wconf 83' lang='lat' dir='ltr'>i</span> <span class='ocrx_word' id='word_1_330' title='bbox 1112 4175 1176 4210; x_wconf 86' lang='lat' dir='ltr'>were</span> <span class='ocrx_word' id='word_1_331' title='bbox 1195 4161 1267 4213; x_wconf 82' lang='lat' dir='ltr'>olten</span> 
     </span>
     <span class='ocr_line' id='line_1_40' title="bbox 122 4238 1269 4303; baseline 0.004 -15"><span class='ocrx_word' id='word_1_332' title='bbox 122 4238 329 4301; x_wconf 80' lang='lat' dir='ltr'>istinguishable:</span> <span class='ocrx_word' id='word_1_333' title='bbox 352 4239 400 4288; x_wconf 82' lang='grc'>824</span> <span class='ocrx_word' id='word_1_334' title='bbox 417 4254 498 4288; x_wconf 81' lang='lat' dir='ltr'>errore</span> <span class='ocrx_word' id='word_1_335' title='bbox 514 4242 678 4303; x_wconf 75' lang='lat' dir='ltr'>multamque,</span> <span class='ocrx_word' id='word_1_336' title='bbox 696 4257 706 4290; x_wconf 92' lang='lat'>1</span> <span class='ocrx_word' id='word_1_337' title='bbox 724 4242 771 4293; x_wconf 80' lang='lat'>659</span> <span class='ocrx_word' id='word_1_338' title='bbox 788 4258 831 4291; x_wconf 81' lang='lat' dir='ltr'>ver</span> <span class='ocrx_word' id='word_1_339' title='bbox 847 4243 908 4290; x_wconf 83' lang='lat' dir='ltr'>aula</span> <span class='ocrx_word' id='word_1_340' title='bbox 924 4242 976 4292; x_wconf 81' lang='lat' dir='ltr'>AB.</span> <span class='ocrx_word' id='word_1_341' title='bbox 1109 4243 1269 4294; x_wconf 81' lang='grc'>1220111110</span> 
     </span>
     <span class='ocr_line' id='line_1_41' title="bbox 121 4318 1268 4384; baseline 0.003 -14"><span class='ocrx_word' id='word_1_342' title='bbox 121 4323 145 4370; x_wconf 76' lang='lat' dir='ltr'>ir</span> <span class='ocrx_word' id='word_1_343' title='bbox 160 4318 251 4370; x_wconf 79' lang='lat' dir='ltr'>hamb.</span> <span class='ocrx_word' id='word_1_344' title='bbox 265 4319 304 4371; x_wconf 89' lang='lat' dir='ltr'>ad.</span> <span class='ocrx_word' id='word_1_345' title='bbox 319 4322 334 4368; x_wconf 96' lang='grc'>2</span> <span class='ocrx_word' id='word_1_346' title='bbox 349 4319 402 4369; x_wconf 87' lang='lat' dir='ltr'>and</span> <span class='ocrx_word' id='word_1_347' title='bbox 418 4321 433 4368; x_wconf 82' lang='lat'><strong>3</strong></span> <span class='ocrx_word' id='word_1_348' title='bbox 451 4321 491 4369; x_wconf 83' lang='lat' dir='ltr'>for</span> <span class='ocrx_word' id='word_1_349' title='bbox 506 4323 673 4384; x_wconf 81' lang='lat' dir='ltr'>multimodia;</span> <span class='ocrx_word' id='word_1_350' title='bbox 692 4322 752 4381; x_wconf 90' lang='lat' dir='ltr'>and,</span> <span class='ocrx_word' id='word_1_351' title='bbox 770 4322 896 4384; x_wconf 82' lang='lat' dir='ltr'>although</span> <span class='ocrx_word' id='word_1_352' title='bbox 913 4323 985 4373; x_wconf 79' lang='lat' dir='ltr'>lunt.</span> <span class='ocrx_word' id='word_1_353' title='bbox 1004 4323 1053 4372; x_wconf 90' lang='lat' dir='ltr'>has</span> <span class='ocrx_word' id='word_1_354' title='bbox 1069 4325 1222 4373; x_wconf 79' lang='lat' dir='ltr'>multimodis</span> <span class='ocrx_word' id='word_1_355' title='bbox 1239 4324 1268 4374; x_wconf 90' lang='lat' dir='ltr'>in</span> 
     </span>
     <span class='ocr_line' id='line_1_42' title="bbox 124 4400 1269 4468; baseline 0.003 -16"><span class='ocrx_word' id='word_1_356' title='bbox 124 4404 187 4461; x_wconf 80' lang='lat' dir='ltr'>text,</span> <span class='ocrx_word' id='word_1_357' title='bbox 200 4400 222 4451; x_wconf 92' lang='lat' dir='ltr'>it</span> <span class='ocrx_word' id='word_1_358' title='bbox 233 4400 318 4451; x_wconf 88' lang='lat' dir='ltr'>would</span> <span class='ocrx_word' id='word_1_359' title='bbox 328 4415 424 4464; x_wconf 84' lang='lat' dir='ltr'>appear</span> <span class='ocrx_word' id='word_1_360' title='bbox 434 4401 501 4451; x_wconf 81' lang='lat' dir='ltr'>from</span> <span class='ocrx_word' id='word_1_361' title='bbox 511 4401 553 4451; x_wconf 90' lang='lat' dir='ltr'>his</span> <span class='ocrx_word' id='word_1_362' title='bbox 566 4407 627 4453; x_wconf 87' lang='lat' dir='ltr'>nota</span> <span class='ocrx_word' id='word_1_363' title='bbox 638 4408 665 4454; x_wconf 90' lang='lat' dir='ltr'>at</span> <span class='ocrx_word' id='word_1_364' title='bbox 677 4404 721 4454; x_wconf 85' lang='lat' dir='ltr'>tha</span> <span class='ocrx_word' id='word_1_365' title='bbox 733 4405 784 4453; x_wconf 89' lang='lat' dir='ltr'>end</span> <span class='ocrx_word' id='word_1_366' title='bbox 795 4403 854 4454; x_wconf 85' lang='lat' dir='ltr'>that</span> <span class='ocrx_word' id='word_1_367' title='bbox 869 4403 1001 4454; x_wconf 74' lang='lat' dir='ltr'>Candidus</span> <span class='ocrx_word' id='word_1_368' title='bbox 1016 4403 1139 4455; x_wconf 88' lang='lat' dir='ltr'>intended</span> <span class='ocrx_word' id='word_1_369' title='bbox 1153 4409 1182 4455; x_wconf 91' lang='grc'>10</span> <span class='ocrx_word' id='word_1_370' title='bbox 1196 4405 1269 4468; x_wconf 87' lang='lat' dir='ltr'>print</span> 
     </span>
    </p>
   </div>
   <div class='ocr_carea' id='block_1_6' title="bbox 0 0 1422 4792">
    <p class='ocr_par' dir='ltr' id='par_1_15' title="bbox 0 0 1422 4792">
     <span class='ocr_line' id='line_1_43' title="bbox 0 0 1422 4792; baseline 0 0"><span class='ocrx_word' id='word_1_371' title='bbox 0 0 1422 4792; x_wconf 95' lang='lat' dir='ltr'> </span> 
     </span>
    </p>
   </div>
  </div>
 </body>
</html>
