2804 4786
672 261 728 326 ΠΙ

185 446 245 489 nec
267 424 364 490 miser
385 423 563 510 inpendens
585 445 740 511 magnum
762 424 858 489 timet
880 446 954 489 aere
976 446 1093 490 saxum

185 527 350 604 Tantalus,
371 535 410 592 ut
432 527 558 604 famast,
580 549 669 592 cesse
691 527 861 593 formidine
883 536 1032 614 torpens3

184 629 241 694 sed
263 629 367 716 magis
388 629 424 693 in
445 629 515 694 vita
535 629 645 694 divom
667 638 775 695 metus
797 640 892 718 urget
913 631 1021 696 inanis

185 734 331 799 mortalis
353 756 528 820 casumque
550 734 671 799 timent
693 757 791 821 quem
813 736 930 822 cuique
953 736 1035 801 ferat
1059 736 1131 801 fore

186 858 246 901 nec
268 836 386 920 Tityon
407 835 552 900 volucres
573 836 690 901 ineunt
712 837 899 903 Acherunte
921 838 1084 905 iacentem

164 960 246 1061 pree
267 937 354 1024 quod
376 937 437 1002 sub
459 960 578 1025 megno
600 947 787 1004 scrutentur
807 949 936 1027 pectore
959 941 1136 1027 quicquam
1246 945 1308 1024 985

186 1049 379 1127 perpetuam
402 1050 545 1107 aetatem
568 1051 705 1127 possunt
726 1043 865 1129 reperire
887 1045 1038 1127 profecto.

186 1144 366 1231 quemlibet
388 1144 523 1209 immani
545 1145 691 1230 proiectu
713 1146 851 1232 corporis
872 1154 989 1223 exstet,

187 1250 244 1334 qui
264 1271 330 1313 non
351 1249 419 1314 sola
441 1270 557 1312 novem
579 1248 730 1334 dispessis
752 1249 863 1335 iugera
885 1249 1040 1315 membris

186 1352 341 1437 optineat,
363 1352 420 1417 sed
442 1353 500 1439 qui
522 1353 621 1417 terrai
645 1353 746 1418 totius
768 1353 888 1431 orbern,

188 1479 251 1520 non
274 1464 385 1522 tamen
407 1465 576 1522 aeternum
598 1457 718 1542 poterit
740 1457 879 1544 perferre
901 1457 1043 1522 dolorem

187 1582 247 1624 nec
268 1560 421 1645 praebere
444 1559 553 1625 cibum
577 1561 705 1646 proprio
727 1560 768 1625 de
790 1581 920 1645 corpore
942 1581 1078 1646 semper.

186 1663 242 1728 sed
265 1663 377 1749 Tityos
398 1664 491 1729 nobis
513 1663 566 1728 hic
589 1672 648 1740 esu
669 1664 704 1727 iu
727 1685 834 1728 amore
856 1663 1018 1728 iacentem

187 1790 283 1853 quern
304 1769 448 1833 volucres
470 1769 614 1834 lecerunt
635 1776 735 1854 atque
758 1776 849 1833 exest
870 1767 986 1832 anxius
1007 1789 1109 1854 angor

186 1879 245 1936 aut
267 1871 331 1936 alia
353 1872 466 1958 quavis
488 1872 641 1937 scindunt
663 1871 845 1958 cuppedine
867 1893 970 1937 curae.

187 1974 345 2061 Sisyphus
366 1976 401 2040 in
424 1975 493 2041 vita
515 1999 642 2062 quoque
665 1975 757 2041 nobis
779 1983 856 2040 ante
878 1974 986 2040 oculos
1008 1983 1060 2039 est
1183 1977 1186 1982 '
1245 1991 1315 2058 995ι

188 2077 244 2162 qui
266 2086 376 2164 petere
398 2101 419 2143 a
440 2079 559 2164 populo
582 2079 682 2143 fasces
704 2099 878 2164 saevusque
901 2098 1029 2141 secures

187 2180 317 2247 imbibit
340 2191 374 2248 et
395 2204 523 2268 semper
544 2182 650 2248 victus
672 2182 838 2268 tristisque
859 2180 989 2245 recedit.

187 2307 262 2348 narn
284 2293 395 2370 petere
417 2285 590 2371 imperium
613 2286 699 2371 quod
720 2284 848 2349 inanest
870 2303 929 2348 nec
951 2284 1049 2349 datur
1071 2305 1242 2370 umquem,

187 2395 286 2472 atque
308 2387 343 2451 in
363 2410 401 2452 eo
423 2409 550 2474 semper
571 2387 689 2451 durum
712 2386 844 2451 sufferre
866 2385 1018 2462 laborem,

187 2491 246 2554 hoc
268 2498 319 2555 est
340 2491 473 2555 adverso
495 2490 663 2555 nixantem
686 2489 816 2554 trudere
839 2496 949 2553 monte
1225 2509 1311 2557 1000

186 2617 300 2659 sexum
324 2595 409 2680 quod
432 2602 542 2660 tamen
565 2615 581 2660 e
602 2616 729 2659 summo
750 2593 817 2657 iam
838 2593 958 2658 vertice
980 2614 1091 2656 rusum

186 2699 327 2763 volvitur
348 2707 383 2764 et
404 2699 494 2784 plani
516 2699 636 2785 raptim
658 2699 743 2784 petit
763 2720 906 2783 aequora
927 2697 1041 2782 campi.

186 2800 303 2866 deinde
325 2801 426 2898 enimi
448 2802 612 2888 ingratam
633 2808 785 2865 naturam
807 2822 937 2886 pascere
959 2822 1087 2885 semper

99 3017 174 3068 Welr.
289 3022 337 3071 983
353 3022 451 3083 cuique.
491 3035 595 3083 cunque
611 3019 633 3069 B
649 3018 741 3069 Lemb.
759 3022 808 3068 cto.
825 3017 947 3082 wrongly.
1063 3017 1111 3068 985
1129 3020 1198 3080 qnod
1214 3019 1306 3070 Gemb.

99 3099 173 3150 Junt.
185 3103 233 3149 stc.
245 3100 285 3149 for
296 3102 365 3163 qnid.
497 3103 545 3153 988
561 3102 679 3164 dispersis
694 3099 805 3150 Turneb.
824 3100 865 3149 for
879 3101 1010 3162 diepereie:
1028 3112 1057 3148 eo
1071 3097 1121 3148 Ed.
1139 3097 1170 3148 in
1186 3114 1209 3148 11
1226 3101 1304 3152 1126:

99 3195 183 3242 comp.
203 3180 275 3230 Ovid.
293 3184 353 3234 met
375 3197 402 3231 rw
419 3183 475 3240 458,
489 3182 541 3232 end
559 3182 644 3232 Plent.
662 3181 737 3232 miles
756 3182 826 3233 1407.
879 3182 1002 3243 dieperue'e
1016 3178 1107 3229 Irnmb.
1122 3179 1162 3229 ed.
1180 3183 1204 3232 3.
1243 3182 1304 3245 ‘leg

99 3260 221 3311 distensis
233 3261 376 3324 dispensis’
390 3262 482 3311 Heius.
498 3262 526 3311 in
540 3277 590 3311 me.
606 3266 689 3312 notes.
803 3262 851 3313 992
866 3261 936 3310 eetB
953 3274 1018 3310 corr.
1034 3259 1103 3309 tuor.
1115 3260 1146 3308 31
1159 3260 1246 3313 fores.
1282 3271 1305 3312 et

99 3343 168 3393 Nico.
299 3344 347 3395 994
363 3345 500 3407 cuppedine
517 3343 594 3393 Pont.
610 3343 700 3394 Inmb.
720 3342 823 3406 rightly,
835 3357 866 3393 cs
882 3357 898 3390 v
914 3341 945 3392 45
963 3357 990 3391 vr
1007 3341 1047 3393 25.
1097 3345 1234 3405 torpedine
1252 3345 1303 3394 AB.

100 3428 230 3490 torpedine
245 3427 267 3476 A
282 3433 347 3477 cor'r.
363 3428 432 3478 Nioc.
451 3427 520 3476 Flor.
536 3428 567 3475 31
583 3426 674 3477 Oemb.
689 3427 762 3476 lunt.
778 3428 826 3476 ete.
861 3426 989 3488 torpedine
1001 3424 1064 3476 Ven
1078 3423 1135 3475 Ale
1151 3425 1166 3472 1
1179 3425 1234 3475 Gis.
1246 3427 1303 3477 who

100 3521 159 3569 says
171 3507 224 3555 ‘Ite
238 3522 261 3555 v.
277 3505 360 3555 nostri
374 3511 401 3556 et
415 3506 527 3557 eliorum
542 3507 601 3558 fere.
620 3506 649 3555 in
660 3521 685 3568 q.
697 3521 721 3558 w.
735 3507 880 3569 cuppedine,
893 3503 962 3566 quod
973 3502 1113 3566 inrepsisse
1123 3507 1190 3568 puto
1201 3520 1234 3556 ex
1245 3506 1304 3556 aliis

99 3587 163 3638 locis
177 3588 225 3637 inf.
240 3587 285 3638 lib.
298 3590 312 3637 ὅ
329 3592 356 3638 et
370 3588 509 3640 6...oontre
523 3589 627 3638 Merull.
642 3603 673 3638 ex
688 3586 808 3637 hocloco
823 3589 939 3636 mutaret
952 3585 1000 3635 int.
1015 3584 1059 3636 lib.
1078 3586 1093 3635 5
1108 3588 1134 3636 et
1145 3587 1162 3636 6
1175 3591 1304 3651 torpedine

100 3684 147 3732 pro
169 3685 241 3732 cnpp.
257 3669 412 3733 supposito’.
446 3670 509 3719 Now
526 3670 571 3719 the
586 3670 660 3719 Junt.
678 3668 753 3719 reads
767 3668 835 3729 here,
850 3683 880 3718 es
895 3668 908 3716 I
923 3666 990 3716 heve
1005 3665 1069 3728 said,
1083 3669 1229 3730 torpedine3
1246 3671 1302 3721 vid

100 3751 153 3801 end
167 3765 193 3800 vr
209 3752 240 3800 25
255 3753 394 3815 cupedinie.
426 3750 511 3812 Agein
526 3751 591 3800 Ven.
603 3755 650 3800 not
661 3749 732 3800 Brix.
744 3763 774 3799 or
784 3750 843 3799 Ver.
856 3751 983 3812 torpedine
994 3747 1064 3798 here.
1098 3748 1162 3798 This
1174 3750 1303 3802 therefore

100 3832 122 3882 is
135 3848 184 3883 one
201 3835 230 3882 or
244 3849 324 3897 muny
338 3834 432 3897 procis,
446 3849 516 3883 some
532 3834 561 3882 ol
575 3832 659 3882 which
676 3833 690 3881 1
704 3833 770 3883 heve
785 3832 861 3895 given
878 3832 1021 3888 elsewhere,
1035 3828 1093 3881 thet
1112 3830 1235 3883 Gifunius
1249 3833 1302 3885 hed

100 3915 144 3965 the
161 3915 204 3965 old
219 3915 314 3967 Venice
330 3914 428 3966 edition
444 3914 507 3964 with
530 3914 665 3964 Marullus’
688 3929 735 3965 ms.
761 3917 836 3963 notes
857 3913 943 3964 before
965 3914 1029 3976 him,
1047 3914 1100 3966 and
1121 3912 1181 3964 thet
1203 3913 1257 3966 this
1279 3914 1300 3965 is

100 3995 144 4046 the
166 3996 232 4045 book
254 3996 392 4059 belonging
413 4001 441 4047 to
464 3996 608 4046 Sembucue
630 3997 659 4045 ol
678 3995 763 4045 which
785 3995 818 4045 he
840 3995 934 4058 speaks
956 3995 1019 4046 both
1041 3995 1069 4046 in
1091 3995 1134 4045 his
1155 3995 1257 4057 preinde
1273 3999 1299 4046 to
1318 4015 1347 4046 ι

101 4077 245 4128 Sumbucus
260 4078 368 4129 himself
382 4079 434 4130 end
450 4079 479 4128 in
495 4079 537 4128 his
554 4078 659 4129 eddress
676 4082 703 4128 to
720 4078 765 4127 the
781 4078 882 4129 render:
900 4093 942 4128 see
959 4079 1038 4129 ubove
1054 4093 1081 4142 p.
1097 4079 1121 4130 9.
1156 4079 1347 4142 [tnspediness

99 4158 171 4208 Mon.
189 4175 217 4209 es
235 4159 248 4207 I
264 4175 322 4210 now
339 4160 409 4212 find:
432 4160 483 4210 end
500 4160 544 4210 the
561 4162 688 4210 corrector
704 4159 829 4208 Marullus
847 4163 947 4222 repente
963 4159 1009 4209 the
1025 4158 1108 4209 words
1124 4159 1153 4208 in
1169 4173 1252 4222 marg.
1269 4171 1347 4210 oa·

99 4240 218 4292 noteble:
236 4245 363 4305 torpedine
379 4246 450 4293 must
465 4241 530 4292 heve
544 4241 608 4291 been
624 4256 659 4291 en
675 4240 766 4290 earlier
781 4240 873 4290 notion
891 4240 919 4289 of
934 4240 1074 4300 Marullum
1091 4254 1121 4290 cs
1139 4239 1167 4289 in
1178 4256 1196 4291 w
1206 4239 1258 4292 end
1270 4252 1347 4290 πτ

99 4320 132 4372 he
147 4322 266 4385 properly
276 4327 387 4374 correcte
403 4323 449 4374 the
464 4338 514 4373 ms.
532 4320 639 4384 reading
655 4325 684 4371 to
701 4323 868 4384 cuppedinis]
918 4322 981 4372 1001
1000 4337 1012 4371 e
1030 4337 1121 4372 tumme
1139 4325 1192 4372 iem
1209 4323 1347 4374 verint>

99 4404 174 4454 Pont.
185 4404 281 4453 Arene.
293 4405 333 4454 for
352 4420 443 4456 summo
453 4407 505 4455 iam
516 4405 616 4454 vertice.
649 4417 740 4454 summo
751 4403 803 4452 ianr
814 4418 827 4452 e
838 4405 929 4453 vertice
941 4403 1009 4454 Flor.
1023 4405 1055 4452 31
1067 4402 1157 4454 (lomb.
1169 4420 1186 4454 a
1194 4420 1232 4454 en.
1242 4406 1259 4453 i.
1268 4415 1329 4450 u·
