2834 4792
740 274 771 339 V

237 435 478 522 interutrasque
499 435 588 523 globi
610 458 746 522 quorum
769 444 943 501 vertuntur
963 435 998 501 in
1020 435 1125 516 auris;

234 563 317 626 quae
338 563 445 626 neque
467 549 555 606 terra
576 539 640 605 sibi
661 539 799 605 adscivit
820 562 880 605 nec
903 538 1064 604 maximus
1085 537 1207 616 aether,

236 643 320 729 quod
342 665 449 729 neque
471 651 540 708 tam
563 643 696 709 fuerunt
717 642 830 729 gravia
852 651 890 707 ut
911 642 1063 727 depressa
1086 640 1244 718 sederent,

236 767 296 810 nec
317 745 402 811 levia
423 753 463 810 ut
484 754 616 831 possent
637 769 695 832 per
716 767 860 810 summas
882 745 984 809 labier
1005 768 1085 823 oras,
1290 761 1352 827 475

237 855 271 912 et
292 855 403 912 tamen
426 847 665 934 interutrasque
688 847 736 912 ita
757 857 835 913 sunt
857 857 895 912 ut
918 870 1049 934 corpora
1070 848 1146 913 viva

237 960 366 1016 versent
388 960 422 1017 et
443 960 553 1038 partes
576 960 613 1016 ut
635 952 749 1017 mundi
771 953 874 1017 totius
897 961 1028 1033 extent3

237 1054 323 1140 quod
344 1076 448 1141 genus
469 1054 504 1119 in
526 1055 619 1119 nobis
640 1054 800 1139 quaedam
823 1054 899 1120 licet
921 1056 956 1119 in
978 1056 1118 1120 statione

237 1156 382 1221 membra
402 1178 542 1234 manere,
563 1166 673 1221 tamen
696 1179 770 1221 cum
793 1156 859 1222 sint
881 1180 920 1222 ea
942 1180 1025 1243 quae
1049 1166 1247 1223 moveantur.

237 1260 288 1325 his
309 1261 412 1347 igitur
433 1260 529 1326 rebus
550 1259 699 1325 retractis
721 1268 808 1324 terra
829 1269 972 1346 repente,
1289 1264 1355 1340 480

216 1368 389 1429 'maxuma
411 1385 476 1450 qua
496 1386 583 1428 nunc
605 1386 639 1428 se
661 1364 754 1449 ponti
776 1365 873 1451 plaga
895 1366 1023 1430 caerula
1045 1364 1161 1441 tendit,

236 1467 373 1532 succidit
395 1476 429 1532 et
451 1467 533 1532 salso
555 1467 693 1533 suffudit
714 1468 845 1554 gurgite
868 1469 975 1533 fossas.

206 1558 209 1564 ¹
236 1571 335 1656 inque
357 1571 571 1657 diesquanto
593 1571 714 1636 circum
735 1572 840 1659 magis
862 1573 1003 1638 aetheris
1024 1581 1133 1638 aestus

236 1682 271 1739 et
292 1673 376 1738 radii
397 1673 472 1739 solis
494 1674 653 1761 cogebant
674 1675 819 1761 undique
842 1684 962 1741 terram

236 1776 423 1842 verberibus
445 1776 563 1843 crebris
586 1787 731 1843 extrema
752 1779 795 1844 ad
817 1779 931 1844 limina
952 1780 988 1844 io
1010 1788 1129 1856 artum,
1287 1780 1329 1858 48
1334 1792 1350 1858 5

236 1881 270 1945 in
293 1880 400 1946 medio
422 1890 461 1946 ut
482 1883 635 1968 propulsa
657 1905 715 1949 suo
737 1884 897 1948 condensa
919 1883 1027 1960 coiret,

236 1992 304 2048 tam
327 1985 431 2072 magis
453 2007 620 2071 expressus
642 1987 745 2052 salsus
767 1988 808 2053 de
830 2011 959 2074 corpore
982 1987 1079 2052 sudor

191 2162 192 2166 ¹
234 2089 377 2176 augebat
398 2111 486 2154 mare
509 2091 669 2155 manando
692 2114 884 2178 camposque
906 2091 1060 2167 natantis,

236 2199 270 2256 et
291 2201 386 2256 tanto
408 2192 511 2279 magis
533 2192 590 2257 illa
612 2194 695 2258 foras
717 2194 826 2259 elabsa
849 2195 1001 2259 volabant

236 2318 367 2382 corpora
389 2298 494 2361 multa
515 2296 641 2381 vaporis
664 2307 698 2362 et
720 2298 803 2363 aeris
825 2300 956 2385 altaque
979 2298 1060 2363 caeli
1287 2315 1352 2381 490

235 2398 415 2464 densebant
436 2400 546 2485 procul
569 2423 589 2464 a
610 2401 705 2465 terris
727 2402 887 2488 fulgentia
909 2403 1038 2487 templa.

234 2502 383 2567 sidebant
406 2503 520 2589 campi,
543 2505 728 2570 crescebant
751 2506 916 2571 montibus
938 2506 1013 2571 altis

235 2627 401 2685 ascensus3
430 2627 536 2691 neque
559 2606 646 2670 enim
669 2615 820 2693 poterant
842 2609 1009 2674 subsidere
1031 2630 1108 2672 saxa

234 2730 294 2773 nec
315 2709 437 2794 pariter
458 2711 654 2775 tantundem
676 2733 787 2776 omnes
809 2712 1017 2777 succumbere
1039 2711 1148 2797 partis.

277 2811 332 2876 Sic
353 2811 456 2898 igitur
477 2820 582 2877 terrae
605 2821 752 2878 concreto
774 2837 903 2900 corpore
927 2815 1052 2899 pondus
1284 2827 1346 2894 495

230 2914 379 2980 constitit
401 2924 500 3000 atque
522 2917 626 2980 omnis
649 2916 762 2981 mundi
785 2917 877 3002 quasi
900 2917 996 2982 limus
1019 2917 1053 2980 in
1075 2917 1178 2981 imum

142 3198 203 3256 470.
334 3205 382 3255 471
399 3211 493 3254 secuta.
528 3210 632 3263 ‘secuta
645 3212 669 3254 et
681 3204 713 3253 Y'
726 3204 776 3266 (ie.
791 3219 838 3254 our
850 3205 881 3266 A)
894 3220 954 3267 says
965 3205 1136 3268 Havercamp.
1171 3204 1235 3254 This
1245 3205 1269 3254 is
1280 3204 1351 3266 quite

149 3281 224 3336 false:
241 3284 343 3346 though
353 3283 387 3334 he
397 3282 450 3334 had
461 3284 484 3333 Α
494 3283 547 3334 and
558 3285 579 3333 B
591 3284 677 3335 before
688 3285 751 3347 him,
765 3285 799 3335 he
815 3284 865 3335 has
880 3285 975 3335 choscn
989 3290 1017 3336 to
1032 3301 1096 3349 copy
1111 3291 1157 3336 out
1172 3286 1235 3349 this,
1253 3300 1281 3334 as
1294 3285 1352 3335 well

149 3376 177 3416 ts
188 3366 262 3417 three
275 3364 378 3417 fourths
395 3366 424 3416 oi
438 3364 480 3414 his
495 3364 629 3415 worthless
645 3365 749 3415 various
766 3365 894 3429 readings,
912 3367 980 3415 from
999 3366 1044 3416 the
1063 3367 1206 3418 bookseher
1223 3366 1349 3416 Tonson’s

151 3445 260 3498 bondon
281 3447 322 3499 ed.
348 3448 376 3498 of
404 3449 476 3508 1712,
502 3446 587 3497 which
613 3447 684 3509 gives
714 3448 878 3498 ‘collationes
906 3448 986 3498 trium
1011 3464 1061 3498 ms.
1084 3449 1202 3499 codicum
1223 3447 1309 3498 Vossii
1334 3462 1351 3498 a

151 3528 193 3580 B<¹⁰
202 3530 266 3580 Viro
277 3530 319 3580 Re
330 3531 439 3580 Oannon
452 3529 478 3579 8.
491 3529 521 3578 Τ.
534 3529 562 3579 P.
576 3528 685 3579 factas':
703 3528 756 3578 this
771 3529 880 3579 collator
891 3544 950 3592 says
963 3533 1071 3592 ‘secuta
1086 3533 1116 3580 rt.
1130 3530 1160 3580 V.
1174 3530 1207 3582 1.’
1240 3531 1350 3580 Haverc.

150 3612 234 3676 copies
253 3627 317 3662 even
334 3612 379 3662 the
396 3626 497 3662 comma
516 3611 569 3662 and
588 3611 632 3661 the
649 3614 672 3661 81
691 3611 747 3662 into
764 3611 807 3662 his
824 3611 861 3663 ed
898 3611 962 3662 This
977 3613 1001 3662 is
1017 3611 1064 3661 but
1081 3627 1130 3662 one
1146 3612 1175 3661 of
1189 3627 1206 3663 a
1221 3611 1352 3662 thousand

150 3693 279 3745 instancos
295 3695 324 3744 oi
338 3693 381 3744 his
397 3692 578 3756 unprincipled
595 3692 674 3742 sloth.
789 3695 837 3745 472
859 3694 908 3745 476
930 3696 1128 3765 11111111111411.
1171 3697 1351 3756 Interutraque

149 3775 229 3827 Lech.
360 3776 408 3827 474
419 3777 535 3839 suerunt.
562 3778 665 3839 suerint
681 3777 756 3826 Pont.
772 3776 870 3826 Avanc.
888 3775 941 3825 and
958 3762 1061 3838 stiange
1078 3779 1105 3825 to
1122 3790 1169 3838 say
1184 3775 1274 3826 Lamb.
1293 3773 1351 3825 who

149 3858 225 3910 made
235 3858 258 3908 it
269 3857 314 3907 the
324 3857 392 3920 vulg.
406 3857 492 3908 before
501 3857 580 3909 Laoh.
753 3859 801 3907 482
817 3860 883 3907 salso
895 3860 999 3921 suffudit
1010 3859 1033 3907 Δ
1044 3872 1108 3907 corr.
1119 3856 1211 3906 hamb.
1223 3857 1262 3907 for
1272 3859 1350 3908 culeos

147 3942 247 4005 offudit.
286 3942 353 3990 sulco
363 3940 466 4003 suffodit
478 3939 547 3988 Nico.
559 3938 627 3988 Flor.
640 3940 671 3988 al
684 3939 773 3989 camb.
786 3938 857 3989 Mon.
869 3942 917 3989 etc.
928 3939 1004 3988 Wak.
1132 3939 1180 3988 485
1198 3945 1307 3988 extrema
1317 3940 1351 3988 ud

149 4023 284 4073 liminata
297 4028 381 4071 artum
396 4020 446 4070 Ed.
464 4020 505 4070 sor
519 4029 629 4071 ostreata
646 4022 680 4070 ad
697 4023 788 4070 limina
800 4028 910 4084 partem:
934 4019 979 4069 the
994 4019 1076 4070 scribe
1091 4019 1222 4082 neglected
1237 4022 1265 4069 to
1280 4018 1351 4070 write

149 4104 194 4150 inu
210 4098 291 4159 twice,
303 4098 356 4149 aad
366 4101 394 4150 to
405 4098 445 4148 fill
456 4112 492 4160 up
506 4097 551 4148 the
565 4113 638 4147 verse
652 4102 731 4149 wrote
743 4107 843 4163 purtem
853 4100 893 4148 for
907 4106 982 4148 num.
1016 4106 1126 4148 extrema
1141 4115 1158 4147 a
1173 4099 1266 4148 limioi’
1275 4105 1350 4160 parte

146 4176 229 4228 bach.
244 4176 303 4228 who
316 4180 439 4228 connects
454 4175 508 4225 this
523 4191 593 4226 verse
608 4175 671 4225 with
685 4176 730 4226 the
746 4179 815 4226 next.
856 4184 966 4226 extrema
981 4178 1015 4226 ad
1031 4178 1121 4226 limine
1135 4184 1249 4240 apertum
1260 4175 1349 4226 hamb.

146 4274 169 4308 e.
192 4261 253 4310 al.
277 4261 372 4322 rapum
388 4257 475 4309 Bentl.
511 4259 593 4308 radiis
616 4258 655 4306 for
676 4260 747 4308 radii
766 4258 789 4307 Α
810 4257 879 4309 Nico.
906 4257 996 4307 Oamb.
1017 4260 1113 4307 lumina
1134 4257 1204 4307 Nico.
1224 4256 1292 4308 Flor.
1318 4258 1349 4305 31

145 4339 237 4392 camb.
254 4344 304 4392 cto.
418 4341 466 4392 491
483 4342 625 4390 Detractant
641 4338 733 4391 Lamb.
752 4339 833 4390 Lach.
851 4341 891 4389 for
906 4342 1061 4398 Detractant,
1078 4353 1108 4388 as
1125 4353 1173 4389 our
1188 4353 1250 4389 mss.
1270 4337 1298 4387 in
1315 4337 1351 4388 all

143 4421 221 4473 other
231 4421 316 4487 places
326 4421 403 4473 make
413 4421 436 4472 it
447 4421 475 4472 os
484 4420 529 4472 the
540 4420 592 4470 2nd
603 4421 780 4486 coniugation:
799 4436 840 4472 see
851 4421 943 4484 Wagn.
956 4426 984 4472 to
995 4421 1065 4483 Virg.
1077 4435 1144 4484 geor·
1156 4435 1167 4470 1
1178 4420 1235 4470 248.
