<?xml version="1.0" encoding="UTF-8"?>
<!DOCTYPE html PUBLIC "-//W3C//DTD XHTML 1.0 Transitional//EN"
    "http://www.w3.org/TR/xhtml1/DTD/xhtml1-transitional.dtd">
<html xmlns="http://www.w3.org/1999/xhtml" xml:lang="en" lang="en">
 <head>
  <title>
</title>
<meta http-equiv="Content-Type" content="text/html;charset=utf-8" />
  <meta name='ocr-system' content='tesseract 3.04.00' />
  <meta name='ocr-capabilities' content='ocr_page ocr_carea ocr_par ocr_line ocrx_word'/>
</head>
<body>
  <div class='ocr_page' id='page_1' title='image "./tlucreticarider02duffgoog_0150.png"; bbox 0 0 2804 4786; ppageno 0'>
   <div class='ocr_carea' id='block_1_1' title="bbox 647 224 702 290">
    <p class='ocr_par' dir='ltr' id='par_1_1' title="bbox 647 224 702 290">
     <span class='ocr_line' id='line_1_1' title="bbox 647 224 702 290; baseline 0 0"><span class='ocrx_word' id='word_1_1' title='bbox 647 224 702 290; x_wconf 91' lang='lat'>111</span> 
     </span>
    </p>
   </div>
   <div class='ocr_carea' id='block_1_2' title="bbox 143 383 1123 3460">
    <p class='ocr_par' dir='ltr' id='par_1_2' title="bbox 163 383 1071 1402">
     <span class='ocr_line' id='line_1_2' title="bbox 163 383 1016 473; baseline -0.005 -19"><span class='ocrx_word' id='word_1_2' title='bbox 163 398 206 454; x_wconf 92' lang='lat' dir='ltr'>ut</span> <span class='ocrx_word' id='word_1_3' title='bbox 229 385 383 473; x_wconf 83' lang='lat' dir='ltr'>quiddam</span> <span class='ocrx_word' id='word_1_4' title='bbox 406 385 477 450; x_wconf 86' lang='lat' dir='ltr'>fieri</span> <span class='ocrx_word' id='word_1_5' title='bbox 498 383 648 450; x_wconf 79' lang='lat' dir='ltr'>videatur</span> <span class='ocrx_word' id='word_1_6' title='bbox 668 383 711 449; x_wconf 85' lang='lat' dir='ltr'>ab</span> <span class='ocrx_word' id='word_1_7' title='bbox 732 383 881 449; x_wconf 88' lang='lat' dir='ltr'>omnibus</span> <span class='ocrx_word' id='word_1_8' title='bbox 904 407 1016 462; x_wconf 91' lang='lat' dir='ltr'>unum,</span> 
     </span>
     <span class='ocr_line' id='line_1_3' title="bbox 166 490 1071 574; baseline -0.002 -19"><span class='ocrx_word' id='word_1_9' title='bbox 166 491 204 555; x_wconf 90' lang='lat' dir='ltr'>ni</span> <span class='ocrx_word' id='word_1_10' title='bbox 226 490 310 555; x_wconf 79' lang='lat' dir='ltr'>color</span> <span class='ocrx_word' id='word_1_11' title='bbox 330 511 370 553; x_wconf 82' lang='lat' dir='ltr'>sc</span> <span class='ocrx_word' id='word_1_12' title='bbox 391 495 509 552; x_wconf 89' lang='lat' dir='ltr'>ventus</span> <span class='ocrx_word' id='word_1_13' title='bbox 531 508 674 551; x_wconf 86' lang='lat' dir='ltr'>seorsum</span> <span class='ocrx_word' id='word_1_14' title='bbox 696 508 903 572; x_wconf 82' lang='lat' dir='ltr'>seorsumque</span> <span class='ocrx_word' id='word_1_15' title='bbox 925 496 1071 574; x_wconf 86' lang='lat' dir='ltr'>potestus</span> 
     </span>
     <span class='ocr_line' id='line_1_4' title="bbox 164 589 998 675; baseline -0.004 -16"><span class='ocrx_word' id='word_1_16' title='bbox 164 593 252 659; x_wconf 81' lang='lat' dir='ltr'>aeris</span> <span class='ocrx_word' id='word_1_17' title='bbox 272 593 472 657; x_wconf 73' lang='lat' dir='ltr'><strong>interemant</strong></span> <span class='ocrx_word' id='word_1_18' title='bbox 493 611 624 655; x_wconf 91' lang='lat' dir='ltr'>sensum</span> <span class='ocrx_word' id='word_1_19' title='bbox 646 589 842 675; x_wconf 71' lang='lat' dir='ltr'>diductaque</span> <span class='ocrx_word' id='word_1_20' title='bbox 864 590 998 656; x_wconf 81' lang='lat' dir='ltr'>solvant.</span> 
     </span>
     <span class='ocr_line' id='line_1_5' title="bbox 166 693 1069 779; baseline -0.002 -18"><span class='ocrx_word' id='word_1_21' title='bbox 166 704 221 761; x_wconf 86' lang='lat' dir='ltr'>est</span> <span class='ocrx_word' id='word_1_22' title='bbox 242 695 365 761; x_wconf 88' lang='lat' dir='ltr'>etenim</span> <span class='ocrx_word' id='word_1_23' title='bbox 387 694 474 759; x_wconf 81' lang='lat' dir='ltr'>calor</span> <span class='ocrx_word' id='word_1_24' title='bbox 494 693 549 758; x_wconf 89' lang='lat' dir='ltr'>ille</span> <span class='ocrx_word' id='word_1_25' title='bbox 570 693 688 769; x_wconf 84' lang='lat' dir='ltr'>animo,</span> <span class='ocrx_word' id='word_1_26' title='bbox 710 715 808 779; x_wconf 90' lang='lat' dir='ltr'>quem</span> <span class='ocrx_word' id='word_1_27' title='bbox 830 694 941 771; x_wconf 90' lang='lat' dir='ltr'>sumit,</span> <span class='ocrx_word' id='word_1_28' title='bbox 963 695 999 758; x_wconf 92' lang='lat' dir='ltr'>in</span> <span class='ocrx_word' id='word_1_29' title='bbox 1021 695 1069 759; x_wconf 81' lang='lat' dir='ltr'>ira</span> 
     </span>
     <span class='ocr_line' id='line_1_6' title="bbox 166 796 1064 879; baseline -0.003 -14"><span class='ocrx_word' id='word_1_30' title='bbox 166 823 245 865; x_wconf 91' lang='lat' dir='ltr'>cum</span> <span class='ocrx_word' id='word_1_31' title='bbox 268 797 417 865; x_wconf 72' lang='lat' dir='ltr'>fervescit</span> <span class='ocrx_word' id='word_1_32' title='bbox 439 806 536 863; x_wconf 86' lang='lat' dir='ltr'>etex</span> <span class='ocrx_word' id='word_1_33' title='bbox 557 797 658 862; x_wconf 89' lang='lat' dir='ltr'>oculis</span> <span class='ocrx_word' id='word_1_34' title='bbox 680 796 779 862; x_wconf 81' lang='lat' dir='ltr'>micet</span> <span class='ocrx_word' id='word_1_35' title='bbox 801 797 929 863; x_wconf 83' lang='lat' dir='ltr'>acribus</span> <span class='ocrx_word' id='word_1_36' title='bbox 951 798 1064 879; x_wconf 84' lang='lat' dir='ltr'>erdor;</span> 
     </span>
     <span class='ocr_line' id='line_1_7' title="bbox 167 899 976 988; baseline -0.002 -20"><span class='ocrx_word' id='word_1_37' title='bbox 167 912 222 968; x_wconf 87' lang='lat' dir='ltr'>est</span> <span class='ocrx_word' id='word_1_38' title='bbox 243 911 277 968; x_wconf 91' lang='lat' dir='ltr'>et</span> <span class='ocrx_word' id='word_1_39' title='bbox 299 901 418 988; x_wconf 77' lang='lat' dir='ltr'>frigide</span> <span class='ocrx_word' id='word_1_40' title='bbox 439 899 545 965; x_wconf 84' lang='lat' dir='ltr'>multe</span> <span class='ocrx_word' id='word_1_41' title='bbox 566 921 673 964; x_wconf 92' lang='lat' dir='ltr'>comes</span> <span class='ocrx_word' id='word_1_42' title='bbox 695 899 875 966; x_wconf 86' lang='lat' dir='ltr'>formidinis</span> <span class='ocrx_word' id='word_1_43' title='bbox 896 924 976 966; x_wconf 83' lang='lat' dir='ltr'>aure</span> 
     </span>
     <span class='ocr_line' id='line_1_8' title="bbox 168 1004 1053 1093; baseline -0.001 -21"><span class='ocrx_word' id='word_1_44' title='bbox 168 1029 254 1093; x_wconf 82' lang='lat' dir='ltr'>quae</span> <span class='ocrx_word' id='word_1_45' title='bbox 275 1007 341 1072; x_wconf 88' lang='lat' dir='ltr'>ciet</span> <span class='ocrx_word' id='word_1_46' title='bbox 363 1007 526 1071; x_wconf 90' lang='lat' dir='ltr'>horrorem</span> <span class='ocrx_word' id='word_1_47' title='bbox 547 1004 701 1070; x_wconf 82' lang='lat' dir='ltr'>membris</span> <span class='ocrx_word' id='word_1_48' title='bbox 723 1013 758 1069; x_wconf 87' lang='lat' dir='ltr'>et</span> <span class='ocrx_word' id='word_1_49' title='bbox 779 1006 920 1070; x_wconf 79' lang='lat' dir='ltr'>concitet</span> <span class='ocrx_word' id='word_1_50' title='bbox 942 1015 1053 1087; x_wconf 87' lang='lat' dir='ltr'>ortus;</span> 
     </span>
     <span class='ocr_line' id='line_1_9' title="bbox 168 1110 945 1198; baseline 0 -22"><span class='ocrx_word' id='word_1_51' title='bbox 168 1121 223 1176; x_wconf 90' lang='lat' dir='ltr'>est</span> <span class='ocrx_word' id='word_1_52' title='bbox 244 1112 345 1177; x_wconf 84' lang='lat' dir='ltr'>etiam</span> <span class='ocrx_word' id='word_1_53' title='bbox 366 1132 495 1198; x_wconf 90' lang='lat' dir='ltr'>quoque</span> <span class='ocrx_word' id='word_1_54' title='bbox 517 1110 625 1195; x_wconf 80' lang='lat' dir='ltr'>pocati</span> <span class='ocrx_word' id='word_1_55' title='bbox 646 1118 753 1175; x_wconf 87' lang='lat' dir='ltr'>status</span> <span class='ocrx_word' id='word_1_56' title='bbox 774 1111 858 1175; x_wconf 82' lang='lat' dir='ltr'>aeris</span> <span class='ocrx_word' id='word_1_57' title='bbox 880 1111 945 1187; x_wconf 91' lang='lat' dir='ltr'>ille,</span> 
     </span>
     <span class='ocr_line' id='line_1_10' title="bbox 171 1213 960 1301; baseline -0.001 -21"><span class='ocrx_word' id='word_1_58' title='bbox 171 1224 302 1300; x_wconf 77' lang='lat' dir='ltr'>pectore</span> <span class='ocrx_word' id='word_1_59' title='bbox 324 1214 500 1301; x_wconf 79' lang='lat' dir='ltr'>tranquillo</span> <span class='ocrx_word' id='word_1_60' title='bbox 522 1213 561 1278; x_wconf 82' lang='lat' dir='ltr'>fit</span> <span class='ocrx_word' id='word_1_61' title='bbox 583 1213 640 1299; x_wconf 93' lang='lat' dir='ltr'>qui</span> <span class='ocrx_word' id='word_1_62' title='bbox 662 1213 819 1299; x_wconf 89' lang='lat' dir='ltr'>voltuque</span> <span class='ocrx_word' id='word_1_63' title='bbox 841 1236 960 1280; x_wconf 89' lang='lat' dir='ltr'>sereno.</span> 
     </span>
     <span class='ocr_line' id='line_1_11' title="bbox 172 1314 969 1402; baseline 0 -21"><span class='ocrx_word' id='word_1_64' title='bbox 172 1317 231 1382; x_wconf 89' lang='lat' dir='ltr'>sed</span> <span class='ocrx_word' id='word_1_65' title='bbox 252 1316 350 1381; x_wconf 76' lang='lat' dir='ltr'>calidi</span> <span class='ocrx_word' id='word_1_66' title='bbox 371 1316 445 1402; x_wconf 91' lang='lat' dir='ltr'>plus</span> <span class='ocrx_word' id='word_1_67' title='bbox 467 1325 518 1380; x_wconf 91' lang='lat' dir='ltr'>est</span> <span class='ocrx_word' id='word_1_68' title='bbox 539 1314 604 1380; x_wconf 91' lang='lat' dir='ltr'>illis</span> <span class='ocrx_word' id='word_1_69' title='bbox 626 1314 744 1401; x_wconf 92' lang='lat' dir='ltr'>quibus</span> <span class='ocrx_word' id='word_1_70' title='bbox 766 1315 852 1381; x_wconf 81' lang='lat' dir='ltr'>scria</span> <span class='ocrx_word' id='word_1_71' title='bbox 873 1316 969 1381; x_wconf 82' lang='lat' dir='ltr'>corda</span> 
     </span>
    </p>

    <p class='ocr_par' dir='ltr' id='par_1_3' title="bbox 143 1419 1123 3460">
     <span class='ocr_line' id='line_1_12' title="bbox 143 1419 960 1506; baseline 0.001 -22"><span class='ocrx_word' id='word_1_72' title='bbox 143 1496 146 1500; x_wconf 37' lang='grc'>,</span> <span class='ocrx_word' id='word_1_73' title='bbox 173 1421 391 1506; x_wconf 85' lang='lat' dir='ltr'>iracundaque</span> <span class='ocrx_word' id='word_1_74' title='bbox 414 1442 505 1485; x_wconf 92' lang='lat' dir='ltr'>mens</span> <span class='ocrx_word' id='word_1_75' title='bbox 527 1419 621 1484; x_wconf 80' lang='lat' dir='ltr'>focile</span> <span class='ocrx_word' id='word_1_76' title='bbox 642 1419 823 1484; x_wconf 88' lang='lat' dir='ltr'>effervescit</span> <span class='ocrx_word' id='word_1_77' title='bbox 845 1419 880 1483; x_wconf 92' lang='lat' dir='ltr'>in</span> <span class='ocrx_word' id='word_1_78' title='bbox 903 1420 960 1486; x_wconf 78' lang='grc'><strong>1111</strong></span> 
     </span>
     <span class='ocr_line' id='line_1_13' title="bbox 172 1523 1045 1612; baseline -0.001 -22"><span class='ocrx_word' id='word_1_79' title='bbox 172 1548 239 1610; x_wconf 93' lang='lat' dir='ltr'>quo</span> <span class='ocrx_word' id='word_1_80' title='bbox 260 1547 379 1612; x_wconf 83' lang='lat' dir='ltr'>genere</span> <span class='ocrx_word' id='word_1_81' title='bbox 401 1523 436 1588; x_wconf 92' lang='lat' dir='ltr'>in</span> <span class='ocrx_word' id='word_1_82' title='bbox 459 1523 573 1610; x_wconf 88' lang='lat' dir='ltr'>primis</span> <span class='ocrx_word' id='word_1_83' title='bbox 596 1523 646 1588; x_wconf 88' lang='lat' dir='ltr'>vis</span> <span class='ocrx_word' id='word_1_84' title='bbox 669 1531 719 1588; x_wconf 89' lang='lat' dir='ltr'>est</span> <span class='ocrx_word' id='word_1_85' title='bbox 741 1523 884 1589; x_wconf 81' lang='lat' dir='ltr'>violente</span> <span class='ocrx_word' id='word_1_86' title='bbox 905 1525 1045 1602; x_wconf 87' lang='lat' dir='ltr'>leonum,</span> 
     </span>
     <span class='ocr_line' id='line_1_14' title="bbox 174 1618 1122 1715; baseline 0 -23"><span class='ocrx_word' id='word_1_87' title='bbox 174 1636 306 1713; x_wconf 78' lang='lat' dir='ltr'>pectora</span> <span class='ocrx_word' id='word_1_88' title='bbox 328 1627 385 1713; x_wconf 90' lang='lat' dir='ltr'>qui</span> <span class='ocrx_word' id='word_1_89' title='bbox 407 1618 545 1692; x_wconf 88' lang='lat' dir='ltr'>fremitu</span> <span class='ocrx_word' id='word_1_90' title='bbox 561 1635 719 1713; x_wconf 85' lang='lat' dir='ltr'>rumpunt</span> <span class='ocrx_word' id='word_1_91' title='bbox 741 1627 932 1714; x_wconf 90' lang='lat' dir='ltr'>plerumque</span> <span class='ocrx_word' id='word_1_92' title='bbox 954 1637 1122 1715; x_wconf 83' lang='lat' dir='ltr'>gementes</span> 
     </span>
     <span class='ocr_line' id='line_1_15' title="bbox 175 1729 1031 1816; baseline 0.002 -21"><span class='ocrx_word' id='word_1_93' title='bbox 175 1752 236 1795; x_wconf 92' lang='lat' dir='ltr'>nec</span> <span class='ocrx_word' id='word_1_94' title='bbox 258 1752 372 1816; x_wconf 81' lang='lat' dir='ltr'>capere</span> <span class='ocrx_word' id='word_1_95' title='bbox 394 1730 515 1794; x_wconf 84' lang='lat' dir='ltr'>irarum</span> <span class='ocrx_word' id='word_1_96' title='bbox 537 1729 657 1795; x_wconf 89' lang='lat' dir='ltr'>fluctus</span> <span class='ocrx_word' id='word_1_97' title='bbox 678 1730 713 1794; x_wconf 91' lang='lat' dir='ltr'>in</span> <span class='ocrx_word' id='word_1_98' title='bbox 736 1739 865 1815; x_wconf 89' lang='lat' dir='ltr'>pectore</span> <span class='ocrx_word' id='word_1_99' title='bbox 887 1739 1031 1816; x_wconf 85' lang='lat' dir='ltr'>possunt.</span> 
     </span>
     <span class='ocr_line' id='line_1_16' title="bbox 174 1833 1064 1920; baseline 0.001 -22"><span class='ocrx_word' id='word_1_100' title='bbox 174 1842 212 1898; x_wconf 87' lang='lat' dir='ltr'>at</span> <span class='ocrx_word' id='word_1_101' title='bbox 233 1841 368 1898; x_wconf 84' lang='lat' dir='ltr'>ventosa</span> <span class='ocrx_word' id='word_1_102' title='bbox 389 1833 494 1920; x_wconf 84' lang='lat' dir='ltr'>magis</span> <span class='ocrx_word' id='word_1_103' title='bbox 516 1855 684 1898; x_wconf 90' lang='lat' dir='ltr'>cervorum</span> <span class='ocrx_word' id='word_1_104' title='bbox 706 1833 824 1920; x_wconf 84' lang='lat' dir='ltr'>frigida</span> <span class='ocrx_word' id='word_1_105' title='bbox 845 1857 937 1899; x_wconf 91' lang='lat' dir='ltr'>mens</span> <span class='ocrx_word' id='word_1_106' title='bbox 959 1844 1009 1899; x_wconf 89' lang='lat' dir='ltr'>est</span> <span class='ocrx_word' id='word_1_107' title='bbox 1062 1840 1064 1844; x_wconf 81' lang='grc'><strong>’</strong></span> 
     </span>
     <span class='ocr_line' id='line_1_17' title="bbox 175 1935 982 2024; baseline 0 -22"><span class='ocrx_word' id='word_1_108' title='bbox 175 1950 211 2002; x_wconf 86' lang='lat' dir='ltr'>et</span> <span class='ocrx_word' id='word_1_109' title='bbox 231 1935 357 2024; x_wconf 81' lang='lat' dir='ltr'>gelidas</span> <span class='ocrx_word' id='word_1_110' title='bbox 378 1935 477 2001; x_wconf 89' lang='lat' dir='ltr'>citius</span> <span class='ocrx_word' id='word_1_111' title='bbox 498 1958 557 2022; x_wconf 92' lang='lat' dir='ltr'>per</span> <span class='ocrx_word' id='word_1_112' title='bbox 578 1936 702 2001; x_wconf 79' lang='lat' dir='ltr'>viscere</span> <span class='ocrx_word' id='word_1_113' title='bbox 724 1936 865 2001; x_wconf 80' lang='lat' dir='ltr'>concitet</span> <span class='ocrx_word' id='word_1_114' title='bbox 887 1959 982 2002; x_wconf 80' lang='lat' dir='ltr'>ouras</span> 
     </span>
     <span class='ocr_line' id='line_1_18' title="bbox 175 2039 1097 2125; baseline 0.004 -21"><span class='ocrx_word' id='word_1_115' title='bbox 175 2062 259 2125; x_wconf 83' lang='lat' dir='ltr'>quae</span> <span class='ocrx_word' id='word_1_116' title='bbox 282 2039 458 2104; x_wconf 87' lang='lat' dir='ltr'>tremulum</span> <span class='ocrx_word' id='word_1_117' title='bbox 480 2039 604 2105; x_wconf 85' lang='lat' dir='ltr'>faciunt</span> <span class='ocrx_word' id='word_1_118' title='bbox 626 2039 779 2105; x_wconf 89' lang='lat' dir='ltr'>membris</span> <span class='ocrx_word' id='word_1_119' title='bbox 802 2041 941 2107; x_wconf 87' lang='lat' dir='ltr'>existere</span> <span class='ocrx_word' id='word_1_120' title='bbox 964 2052 1097 2109; x_wconf 90' lang='lat' dir='ltr'>motum.</span> 
     </span>
     <span class='ocr_line' id='line_1_19' title="bbox 174 2141 951 2229; baseline 0.001 -21"><span class='ocrx_word' id='word_1_121' title='bbox 174 2152 212 2208; x_wconf 83' lang='lat' dir='ltr'>at</span> <span class='ocrx_word' id='word_1_122' title='bbox 233 2151 350 2208; x_wconf 79' lang='lat' dir='ltr'>natura</span> <span class='ocrx_word' id='word_1_123' title='bbox 370 2141 470 2207; x_wconf 91' lang='lat' dir='ltr'>boum</span> <span class='ocrx_word' id='word_1_124' title='bbox 492 2141 617 2228; x_wconf 81' lang='lat' dir='ltr'>placido</span> <span class='ocrx_word' id='word_1_125' title='bbox 640 2142 743 2229; x_wconf 83' lang='lat' dir='ltr'>magis</span> <span class='ocrx_word' id='word_1_126' title='bbox 764 2166 837 2208; x_wconf 82' lang='lat' dir='ltr'>uere</span> <span class='ocrx_word' id='word_1_127' title='bbox 860 2144 951 2222; x_wconf 89' lang='lat' dir='ltr'>vivit,</span> 
     </span>
     <span class='ocr_line' id='line_1_20' title="bbox 177 2245 971 2333; baseline 0.003 -23"><span class='ocrx_word' id='word_1_128' title='bbox 177 2268 237 2310; x_wconf 90' lang='lat' dir='ltr'>nec</span> <span class='ocrx_word' id='word_1_129' title='bbox 260 2245 357 2310; x_wconf 90' lang='lat' dir='ltr'>nimis</span> <span class='ocrx_word' id='word_1_130' title='bbox 378 2245 440 2310; x_wconf 87' lang='lat' dir='ltr'>irai</span> <span class='ocrx_word' id='word_1_131' title='bbox 462 2245 514 2309; x_wconf 80' lang='lat' dir='ltr'>fax</span> <span class='ocrx_word' id='word_1_132' title='bbox 536 2268 693 2332; x_wconf 82' lang='lat' dir='ltr'>umquam</span> <span class='ocrx_word' id='word_1_133' title='bbox 715 2245 846 2312; x_wconf 85' lang='lat' dir='ltr'>subdita</span> <span class='ocrx_word' id='word_1_134' title='bbox 868 2248 971 2333; x_wconf 89' lang='lat' dir='ltr'>percit</span> 
     </span>
     <span class='ocr_line' id='line_1_21' title="bbox 180 2347 975 2436; baseline 0.005 -24"><span class='ocrx_word' id='word_1_135' title='bbox 180 2347 312 2425; x_wconf 85' lang='lat' dir='ltr'>fumida,</span> <span class='ocrx_word' id='word_1_136' title='bbox 334 2347 523 2413; x_wconf 86' lang='lat' dir='ltr'>suffundens</span> <span class='ocrx_word' id='word_1_137' title='bbox 545 2370 658 2413; x_wconf 82' lang='lat' dir='ltr'>caecae</span> <span class='ocrx_word' id='word_1_138' title='bbox 681 2349 830 2436; x_wconf 81' lang='lat' dir='ltr'>caliginis</span> <span class='ocrx_word' id='word_1_139' title='bbox 851 2351 975 2428; x_wconf 88' lang='lat' dir='ltr'>umbra,</span> 
     </span>
     <span class='ocr_line' id='line_1_22' title="bbox 181 2451 918 2538; baseline 0.003 -22"><span class='ocrx_word' id='word_1_140' title='bbox 181 2474 241 2516; x_wconf 90' lang='lat' dir='ltr'>nec</span> <span class='ocrx_word' id='word_1_141' title='bbox 262 2451 378 2537; x_wconf 86' lang='lat' dir='ltr'>gelidis</span> <span class='ocrx_word' id='word_1_142' title='bbox 400 2459 509 2536; x_wconf 89' lang='lat' dir='ltr'>torpet</span> <span class='ocrx_word' id='word_1_143' title='bbox 530 2451 606 2516; x_wconf 88' lang='lat' dir='ltr'>telis</span> <span class='ocrx_word' id='word_1_144' title='bbox 628 2452 750 2537; x_wconf 83' lang='lat' dir='ltr'>perfixa</span> <span class='ocrx_word' id='word_1_145' title='bbox 771 2453 918 2538; x_wconf 83' lang='lat' dir='ltr'>pavoris:</span> 
     </span>
     <span class='ocr_line' id='line_1_23' title="bbox 182 2553 1034 2641; baseline 0.005 -24"><span class='ocrx_word' id='word_1_146' title='bbox 182 2554 267 2619; x_wconf 91' lang='lat' dir='ltr'>inter</span> <span class='ocrx_word' id='word_1_147' title='bbox 289 2561 443 2638; x_wconf 91' lang='lat' dir='ltr'>utrosque</span> <span class='ocrx_word' id='word_1_148' title='bbox 465 2553 570 2633; x_wconf 77' lang='lat' dir='ltr'>sitast,</span> <span class='ocrx_word' id='word_1_149' title='bbox 592 2575 701 2619; x_wconf 86' lang='lat' dir='ltr'>cervos</span> <span class='ocrx_word' id='word_1_150' title='bbox 723 2577 897 2641; x_wconf 82' lang='lat' dir='ltr'>saevosque</span> <span class='ocrx_word' id='word_1_151' title='bbox 919 2556 1034 2621; x_wconf 89' lang='lat' dir='ltr'>leones.</span> 
     </span>
     <span class='ocr_line' id='line_1_24' title="bbox 183 2656 1123 2744; baseline 0.003 -23"><span class='ocrx_word' id='word_1_152' title='bbox 183 2656 227 2721; x_wconf 89' lang='lat' dir='ltr'>sic</span> <span class='ocrx_word' id='word_1_153' title='bbox 248 2656 417 2721; x_wconf 89' lang='lat' dir='ltr'>hominum</span> <span class='ocrx_word' id='word_1_154' title='bbox 439 2677 542 2742; x_wconf 85' lang='lat' dir='ltr'>genus</span> <span class='ocrx_word' id='word_1_155' title='bbox 564 2664 621 2722; x_wconf 89' lang='lat' dir='ltr'>est.</span> <span class='ocrx_word' id='word_1_156' title='bbox 667 2657 815 2742; x_wconf 82' lang='lat' dir='ltr'>quamvis</span> <span class='ocrx_word' id='word_1_157' title='bbox 836 2658 984 2724; x_wconf 81' lang='lat' dir='ltr'>doctrine</span> <span class='ocrx_word' id='word_1_158' title='bbox 1006 2658 1123 2744; x_wconf 90' lang='lat' dir='ltr'>politos</span> 
     </span>
     <span class='ocr_line' id='line_1_25' title="bbox 185 2759 1080 2848; baseline 0.004 -25"><span class='ocrx_word' id='word_1_159' title='bbox 185 2760 360 2824; x_wconf 82' lang='lat' dir='ltr'>constituat</span> <span class='ocrx_word' id='word_1_160' title='bbox 381 2759 503 2844; x_wconf 85' lang='lat' dir='ltr'>pariter</span> <span class='ocrx_word' id='word_1_161' title='bbox 525 2759 689 2845; x_wconf 77' lang='lat' dir='ltr'>quosdam,</span> <span class='ocrx_word' id='word_1_162' title='bbox 712 2769 822 2826; x_wconf 82' lang='lat' dir='ltr'>temen</span> <span class='ocrx_word' id='word_1_163' title='bbox 844 2761 901 2826; x_wconf 82' lang='lat' dir='ltr'>illa</span> <span class='ocrx_word' id='word_1_164' title='bbox 923 2762 1080 2848; x_wconf 88' lang='lat' dir='ltr'>relinquit</span> 
     </span>
     <span class='ocr_line' id='line_1_26' title="bbox 184 2861 911 2948; baseline 0.006 -22"><span class='ocrx_word' id='word_1_165' title='bbox 184 2871 317 2929; x_wconf 82' lang='lat' dir='ltr'>naturae</span> <span class='ocrx_word' id='word_1_166' title='bbox 340 2861 496 2948; x_wconf 92' lang='lat' dir='ltr'>cuiusque</span> <span class='ocrx_word' id='word_1_167' title='bbox 518 2862 620 2927; x_wconf 81' lang='lat' dir='ltr'>enimi</span> <span class='ocrx_word' id='word_1_168' title='bbox 641 2863 780 2948; x_wconf 82' lang='lat' dir='ltr'>vestigia</span> <span class='ocrx_word' id='word_1_169' title='bbox 801 2864 911 2948; x_wconf 76' lang='lat' dir='ltr'>primu</span> 
     </span>
     <span class='ocr_line' id='line_1_27' title="bbox 185 2963 1003 3052; baseline 0.004 -24"><span class='ocrx_word' id='word_1_170' title='bbox 185 2987 241 3029; x_wconf 90' lang='lat' dir='ltr'>nec</span> <span class='ocrx_word' id='word_1_171' title='bbox 262 2963 418 3030; x_wconf 81' lang='lat' dir='ltr'>radicitus</span> <span class='ocrx_word' id='word_1_172' title='bbox 440 2964 535 3028; x_wconf 85' lang='lat' dir='ltr'>evelli</span> <span class='ocrx_word' id='word_1_173' title='bbox 556 2964 643 3028; x_wconf 85' lang='lat' dir='ltr'>mala</span> <span class='ocrx_word' id='word_1_174' title='bbox 665 2987 757 3050; x_wconf 88' lang='lat' dir='ltr'>posse</span> <span class='ocrx_word' id='word_1_175' title='bbox 779 2967 1003 3052; x_wconf 82' lang='lat' dir='ltr'>putandumst,</span> 
     </span>
     <span class='ocr_line' id='line_1_28' title="bbox 186 3063 966 3153; baseline 0.005 -26"><span class='ocrx_word' id='word_1_176' title='bbox 186 3064 261 3149; x_wconf 89' lang='lat' dir='ltr'>quin</span> <span class='ocrx_word' id='word_1_177' title='bbox 282 3063 456 3149; x_wconf 88' lang='lat' dir='ltr'>proclivius</span> <span class='ocrx_word' id='word_1_178' title='bbox 478 3063 532 3128; x_wconf 92' lang='lat' dir='ltr'>hic</span> <span class='ocrx_word' id='word_1_179' title='bbox 554 3063 617 3129; x_wconf 86' lang='lat' dir='ltr'>irus</span> <span class='ocrx_word' id='word_1_180' title='bbox 639 3064 790 3153; x_wconf 81' lang='lat' dir='ltr'>decurrat</span> <span class='ocrx_word' id='word_1_181' title='bbox 812 3066 853 3130; x_wconf 82' lang='lat' dir='ltr'>sd</span> <span class='ocrx_word' id='word_1_182' title='bbox 876 3068 966 3145; x_wconf 81' lang='lat' dir='ltr'>soris,</span> 
     </span>
     <span class='ocr_line' id='line_1_29' title="bbox 185 3165 935 3253; baseline 0.004 -23"><span class='ocrx_word' id='word_1_183' title='bbox 185 3165 236 3230; x_wconf 90' lang='lat' dir='ltr'>ille</span> <span class='ocrx_word' id='word_1_184' title='bbox 258 3174 351 3230; x_wconf 88' lang='lat' dir='ltr'>metu</span> <span class='ocrx_word' id='word_1_185' title='bbox 373 3165 470 3229; x_wconf 91' lang='lat' dir='ltr'>citius</span> <span class='ocrx_word' id='word_1_186' title='bbox 492 3166 588 3251; x_wconf 82' lang='lat' dir='ltr'>poulo</span> <span class='ocrx_word' id='word_1_187' title='bbox 611 3174 800 3253; x_wconf 88' lang='lat' dir='ltr'>temptetur,</span> <span class='ocrx_word' id='word_1_188' title='bbox 822 3177 858 3233; x_wconf 83' lang='lat' dir='ltr'>at</span> <span class='ocrx_word' id='word_1_189' title='bbox 881 3168 935 3234; x_wconf 93' lang='lat' dir='ltr'>ille</span> 
     </span>
     <span class='ocr_line' id='line_1_30' title="bbox 186 3268 989 3357; baseline 0.004 -24"><span class='ocrx_word' id='word_1_190' title='bbox 186 3269 301 3335; x_wconf 89' lang='lat' dir='ltr'>tertius</span> <span class='ocrx_word' id='word_1_191' title='bbox 322 3268 461 3354; x_wconf 79' lang='lat' dir='ltr'>accipiat</span> <span class='ocrx_word' id='word_1_192' title='bbox 483 3269 642 3354; x_wconf 84' lang='lat' dir='ltr'>quaedam</span> <span class='ocrx_word' id='word_1_193' title='bbox 664 3269 856 3335; x_wconf 90' lang='lat' dir='ltr'>clementius</span> <span class='ocrx_word' id='word_1_194' title='bbox 878 3293 989 3357; x_wconf 80' lang='lat' dir='ltr'>aequo.</span> 
     </span>
     <span class='ocr_line' id='line_1_31' title="bbox 186 3373 964 3460; baseline 0.001 -21"><span class='ocrx_word' id='word_1_195' title='bbox 186 3375 281 3460; x_wconf 90' lang='lat' dir='ltr'>inque</span> <span class='ocrx_word' id='word_1_196' title='bbox 304 3373 377 3438; x_wconf 82' lang='lat' dir='ltr'>aliis</span> <span class='ocrx_word' id='word_1_197' title='bbox 398 3373 494 3438; x_wconf 91' lang='lat' dir='ltr'>rebus</span> <span class='ocrx_word' id='word_1_198' title='bbox 518 3373 631 3438; x_wconf 89' lang='lat' dir='ltr'>multis</span> <span class='ocrx_word' id='word_1_199' title='bbox 653 3373 781 3440; x_wconf 88' lang='lat' dir='ltr'>differre</span> <span class='ocrx_word' id='word_1_200' title='bbox 804 3385 964 3440; x_wconf 86' lang='lat' dir='ltr'>necessest</span> 
     </span>
    </p>
   </div>
   <div class='ocr_carea' id='block_1_3' title="bbox 118 3550 1357 4428">
    <p class='ocr_par' dir='ltr' id='par_1_4' title="bbox 118 3550 1357 4428">
     <span class='ocr_line' id='line_1_32' title="bbox 139 3550 1305 3616; baseline 0.001 -17"><span class='ocrx_word' id='word_1_201' title='bbox 139 3561 272 3616; x_wconf 74' lang='lat' dir='ltr'>necessary</span> <span class='ocrx_word' id='word_1_202' title='bbox 293 3551 400 3613; x_wconf 78' lang='lat' dir='ltr'>change.</span> <span class='ocrx_word' id='word_1_203' title='bbox 432 3550 513 3602; x_wconf 74' lang='lat' dir='ltr'>Lech.</span> <span class='ocrx_word' id='word_1_204' title='bbox 536 3550 634 3613; x_wconf 79' lang='lat' dir='ltr'>rightly</span> <span class='ocrx_word' id='word_1_205' title='bbox 650 3551 749 3600; x_wconf 85' lang='lat' dir='ltr'>follows</span> <span class='ocrx_word' id='word_1_206' title='bbox 770 3552 856 3603; x_wconf 91' lang='lat' dir='ltr'>Bentl.</span> <span class='ocrx_word' id='word_1_207' title='bbox 876 3552 904 3601; x_wconf 92' lang='lat' dir='ltr'>in</span> <span class='ocrx_word' id='word_1_208' title='bbox 926 3551 1028 3615; x_wconf 78' lang='lat' dir='ltr'>joining</span> <span class='ocrx_word' id='word_1_209' title='bbox 1050 3555 1079 3601; x_wconf 78' lang='lat' dir='ltr'>r‘u</span> <span class='ocrx_word' id='word_1_210' title='bbox 1100 3554 1142 3602; x_wconf 86' lang='lat' dir='ltr'>iro</span> <span class='ocrx_word' id='word_1_211' title='bbox 1162 3551 1224 3602; x_wconf 87' lang='lat' dir='ltr'>with</span> <span class='ocrx_word' id='word_1_212' title='bbox 1244 3555 1305 3602; x_wconf 80' lang='grc'><strong>01111</strong></span> 
     </span>
     <span class='ocr_line' id='line_1_33' title="bbox 118 3630 1304 3684; baseline 0.001 -4"><span class='ocrx_word' id='word_1_213' title='bbox 118 3634 223 3682; x_wconf 63' lang='lat' dir='ltr'>⁷⁴retroit.</span> <span class='ocrx_word' id='word_1_214' title='bbox 323 3633 370 3682; x_wconf 80' lang='lat'>289</span> <span class='ocrx_word' id='word_1_215' title='bbox 387 3631 486 3680; x_wconf 68' lang='lat' dir='ltr'>acrius</span> <span class='ocrx_word' id='word_1_216' title='bbox 497 3630 587 3682; x_wconf 79' lang='lat' dir='ltr'>Lemb.</span> <span class='ocrx_word' id='word_1_217' title='bbox 602 3630 642 3680; x_wconf 86' lang='lat' dir='ltr'>ed.</span> <span class='ocrx_word' id='word_1_218' title='bbox 660 3633 674 3679; x_wconf 82' lang='lat'><strong>2</strong></span> <span class='ocrx_word' id='word_1_219' title='bbox 692 3631 744 3682; x_wconf 81' lang='lat' dir='ltr'>ond</span> <span class='ocrx_word' id='word_1_220' title='bbox 761 3634 776 3680; x_wconf 83' lang='lat'><strong>3</strong></span> <span class='ocrx_word' id='word_1_221' title='bbox 793 3632 834 3682; x_wconf 83' lang='lat' dir='ltr'>for</span> <span class='ocrx_word' id='word_1_222' title='bbox 850 3634 942 3682; x_wconf 76' lang='lat' dir='ltr'>acrius.</span> <span class='ocrx_word' id='word_1_223' title='bbox 1047 3635 1144 3684; x_wconf 78' lang='grc'><strong>29011.</strong></span> <span class='ocrx_word' id='word_1_224' title='bbox 1178 3648 1208 3682; x_wconf 84' lang='lat' dir='ltr'>ea</span> <span class='ocrx_word' id='word_1_225' title='bbox 1224 3633 1304 3681; x_wconf 83' lang='lat' dir='ltr'>Lech.</span> 
     </span>
     <span class='ocr_line' id='line_1_34' title="bbox 118 3709 1304 3777; baseline -0.001 -14"><span class='ocrx_word' id='word_1_226' title='bbox 118 3709 240 3766; x_wconf 64' lang='lat' dir='ltr'>*tolerant</span> <span class='ocrx_word' id='word_1_227' title='bbox 251 3715 279 3765; x_wconf 85' lang='lat' dir='ltr'>of</span> <span class='ocrx_word' id='word_1_228' title='bbox 290 3722 314 3764; x_wconf 84' lang='lat' dir='ltr'>ct</span> <span class='ocrx_word' id='word_1_229' title='bbox 325 3713 366 3763; x_wconf 89' lang='lat' dir='ltr'>for</span> <span class='ocrx_word' id='word_1_230' title='bbox 377 3716 462 3764; x_wconf 77' lang='lat' dir='ltr'>etium.</span> <span class='ocrx_word' id='word_1_231' title='bbox 561 3714 609 3764; x_wconf 83' lang='lat'>293</span> <span class='ocrx_word' id='word_1_232' title='bbox 619 3715 655 3775; x_wconf 82' lang='lat' dir='ltr'>fit</span> <span class='ocrx_word' id='word_1_233' title='bbox 666 3716 719 3777; x_wconf 84' lang='lat' dir='ltr'>qui.</span> <span class='ocrx_word' id='word_1_234' title='bbox 753 3716 799 3777; x_wconf 77' lang='lat' dir='ltr'>qui</span> <span class='ocrx_word' id='word_1_235' title='bbox 810 3715 846 3777; x_wconf 80' lang='lat' dir='ltr'>fit</span> <span class='ocrx_word' id='word_1_236' title='bbox 857 3714 923 3763; x_wconf 78' lang='lat' dir='ltr'>Mar.</span> <span class='ocrx_word' id='word_1_237' title='bbox 935 3712 993 3764; x_wconf 82' lang='lat' dir='ltr'>Ald.</span> <span class='ocrx_word' id='word_1_238' title='bbox 1007 3714 1022 3762; x_wconf 97' lang='lat' dir='ltr'>l</span> <span class='ocrx_word' id='word_1_239' title='bbox 1034 3714 1109 3763; x_wconf 85' lang='lat' dir='ltr'>Junt.</span> <span class='ocrx_word' id='word_1_240' title='bbox 1120 3713 1197 3776; x_wconf 81' lang='lat' dir='ltr'>vulgo</span> <span class='ocrx_word' id='word_1_241' title='bbox 1207 3713 1288 3763; x_wconf 83' lang='lat' dir='ltr'>Lech.</span> <span class='ocrx_word' id='word_1_242' title='bbox 1298 3728 1304 3761; x_wconf 89' lang='lat'>:</span> 
     </span>
     <span class='ocr_line' id='line_1_35' title="bbox 118 3792 1340 3857; baseline -0.002 -13"><span class='ocrx_word' id='word_1_243' title='bbox 118 3793 152 3844; x_wconf 65' lang='lat' dir='ltr'>st</span> <span class='ocrx_word' id='word_1_244' title='bbox 166 3809 206 3845; x_wconf 87' lang='lat' dir='ltr'>see</span> <span class='ocrx_word' id='word_1_245' title='bbox 221 3799 297 3844; x_wconf 89' lang='lat' dir='ltr'>notes</span> <span class='ocrx_word' id='word_1_246' title='bbox 313 3796 338 3846; x_wconf 78' lang='lat'>2.</span> <span class='ocrx_word' id='word_1_247' title='bbox 431 3795 478 3844; x_wconf 80' lang='lat'>298</span> <span class='ocrx_word' id='word_1_248' title='bbox 495 3792 518 3842; x_wconf 90' lang='lat' dir='ltr'>is</span> <span class='ocrx_word' id='word_1_249' title='bbox 534 3793 624 3856; x_wconf 80' lang='lat' dir='ltr'>placed</span> <span class='ocrx_word' id='word_1_250' title='bbox 640 3793 674 3856; x_wconf 83' lang='lat' dir='ltr'>by</span> <span class='ocrx_word' id='word_1_251' title='bbox 689 3794 769 3845; x_wconf 82' lang='lat' dir='ltr'>Lsoh.</span> <span class='ocrx_word' id='word_1_252' title='bbox 789 3795 874 3844; x_wconf 88' lang='lat' dir='ltr'>before</span> <span class='ocrx_word' id='word_1_253' title='bbox 891 3794 939 3846; x_wconf 81' lang='lat'>296</span> <span class='ocrx_word' id='word_1_254' title='bbox 956 3794 1068 3844; x_wconf 88' lang='lat' dir='ltr'>without</span> <span class='ocrx_word' id='word_1_255' title='bbox 1084 3808 1168 3843; x_wconf 78' lang='lat' dir='ltr'>cause.</span> <span class='ocrx_word' id='word_1_256' title='bbox 1258 3793 1306 3842; x_wconf 84' lang='grc'>303</span> <span class='ocrx_word' id='word_1_257' title='bbox 1339 3853 1340 3857; x_wconf 13' lang='lat'>¹</span> 
     </span>
     <span class='ocr_line' id='line_1_36' title="bbox 118 3867 1306 3938; baseline -0.004 -10"><span class='ocrx_word' id='word_1_258' title='bbox 118 3867 177 3928; x_wconf 68' lang='lat' dir='ltr'>luo</span> <span class='ocrx_word' id='word_1_259' title='bbox 186 3878 254 3928; x_wconf 79' lang='lat' dir='ltr'>rur.</span> <span class='ocrx_word' id='word_1_260' title='bbox 266 3877 298 3927; x_wconf 82' lang='grc'>11</span> <span class='ocrx_word' id='word_1_261' title='bbox 310 3876 401 3926; x_wconf 73' lang='lat' dir='ltr'>camo.</span> <span class='ocrx_word' id='word_1_262' title='bbox 411 3875 471 3926; x_wconf 77' lang='lat' dir='ltr'>vu.</span> <span class='ocrx_word' id='word_1_263' title='bbox 484 3876 548 3927; x_wconf 80' lang='lat'>1954</span> <span class='ocrx_word' id='word_1_264' title='bbox 560 3875 655 3926; x_wconf 82' lang='lat' dir='ltr'>ouoo.</span> <span class='ocrx_word' id='word_1_265' title='bbox 667 3875 730 3927; x_wconf 70' lang='lat' dir='ltr'>uu.</span> <span class='ocrx_word' id='word_1_266' title='bbox 745 3876 785 3925; x_wconf 76' lang='lat' dir='ltr'>ror</span> <span class='ocrx_word' id='word_1_267' title='bbox 795 3879 885 3928; x_wconf 67' lang='lat' dir='ltr'>minu.</span> <span class='ocrx_word' id='word_1_268' title='bbox 982 3877 1030 3927; x_wconf 71' lang='lat' dir='ltr'>ool</span> <span class='ocrx_word' id='word_1_269' title='bbox 1041 3877 1150 3926; x_wconf 69' lang='grc'><strong>11111111</strong></span> <span class='ocrx_word' id='word_1_270' title='bbox 1161 3876 1306 3938; x_wconf 63' lang='lat' dir='ltr'>suffusum</span> 
     </span>
     <span class='ocr_line' id='line_1_37' title="bbox 118 3945 1307 4021; baseline -0.003 -13"><span class='ocrx_word' id='word_1_271' title='bbox 118 3945 170 4011; x_wconf 75' lang='lat' dir='ltr'>¹lor.</span> <span class='ocrx_word' id='word_1_272' title='bbox 190 3960 220 4008; x_wconf 88' lang='grc'><strong>31</strong></span> <span class='ocrx_word' id='word_1_273' title='bbox 239 3957 330 4008; x_wconf 73' lang='lat' dir='ltr'>cumb.</span> <span class='ocrx_word' id='word_1_274' title='bbox 348 3972 415 4008; x_wconf 89' lang='lat' dir='ltr'>corr.</span> <span class='ocrx_word' id='word_1_275' title='bbox 434 3957 474 4007; x_wconf 89' lang='lat' dir='ltr'>for</span> <span class='ocrx_word' id='word_1_276' title='bbox 491 3959 613 4008; x_wconf 77' lang='lat' dir='ltr'>Fumldus</span> <span class='ocrx_word' id='word_1_277' title='bbox 630 3959 765 4021; x_wconf 80' lang='lat' dir='ltr'>effundens.</span> <span class='ocrx_word' id='word_1_278' title='bbox 799 3961 886 4009; x_wconf 77' lang='lat' dir='ltr'>umbro</span> <span class='ocrx_word' id='word_1_279' title='bbox 902 3958 933 4008; x_wconf 92' lang='lat' dir='ltr'>B.</span> <span class='ocrx_word' id='word_1_280' title='bbox 967 3960 1078 4008; x_wconf 82' lang='lat' dir='ltr'>umbram</span> <span class='ocrx_word' id='word_1_281' title='bbox 1093 3956 1115 4004; x_wconf 82' lang='lat' dir='ltr'>A</span> <span class='ocrx_word' id='word_1_282' title='bbox 1130 3956 1201 4006; x_wconf 84' lang='lat' dir='ltr'>Nico.</span> <span class='ocrx_word' id='word_1_283' title='bbox 1217 3955 1307 4006; x_wconf 78' lang='lat' dir='ltr'>(lomb.</span> 
     </span>
     <span class='ocr_line' id='line_1_38' title="bbox 118 4031 1307 4110; baseline -0.004 -19"><span class='ocrx_word' id='word_1_284' title='bbox 118 4031 187 4091; x_wconf 68' lang='lat' dir='ltr'>&#39;hieu</span> <span class='ocrx_word' id='word_1_285' title='bbox 201 4055 262 4103; x_wconf 81' lang='lat' dir='ltr'>moy</span> <span class='ocrx_word' id='word_1_286' title='bbox 278 4040 310 4090; x_wconf 89' lang='lat' dir='ltr'>be</span> <span class='ocrx_word' id='word_1_287' title='bbox 325 4039 409 4102; x_wconf 68' lang='lat' dir='ltr'>rights</span> <span class='ocrx_word' id='word_1_288' title='bbox 432 4054 518 4102; x_wconf 87' lang='lat' dir='ltr'>comp.</span> <span class='ocrx_word' id='word_1_289' title='bbox 535 4039 619 4091; x_wconf 85' lang='lat' dir='ltr'>Plsut.</span> <span class='ocrx_word' id='word_1_290' title='bbox 639 4040 697 4089; x_wconf 89' lang='lat' dir='ltr'>rud.</span> <span class='ocrx_word' id='word_1_291' title='bbox 715 4042 763 4090; x_wconf 85' lang='grc'>588</span> <span class='ocrx_word' id='word_1_292' title='bbox 782 4042 862 4102; x_wconf 80' lang='lat' dir='ltr'>Quasi</span> <span class='ocrx_word' id='word_1_293' title='bbox 878 4042 946 4090; x_wconf 79' lang='lat' dir='ltr'>uiuis</span> <span class='ocrx_word' id='word_1_294' title='bbox 967 4041 1072 4089; x_wconf 80' lang='lat' dir='ltr'>Graecis</span> <span class='ocrx_word' id='word_1_295' title='bbox 1088 4039 1220 4110; x_wconf 77' lang='lat' dir='ltr'>Neptunus</span> <span class='ocrx_word' id='word_1_296' title='bbox 1236 4040 1307 4088; x_wconf 75' lang='lat' dir='ltr'>uobis</span> 
     </span>
     <span class='ocr_line' id='line_1_39' title="bbox 118 4119 1307 4185; baseline -0.004 -13"><span class='ocrx_word' id='word_1_297' title='bbox 118 4124 206 4185; x_wconf 64' lang='lat' dir='ltr'>&#39;‘ffudit</span> <span class='ocrx_word' id='word_1_298' title='bbox 217 4137 293 4172; x_wconf 76' lang='lat' dir='ltr'>usare.</span> <span class='ocrx_word' id='word_1_299' title='bbox 391 4123 439 4172; x_wconf 82' lang='grc'>305</span> <span class='ocrx_word' id='word_1_300' title='bbox 446 4124 550 4185; x_wconf 80' lang='lat' dir='ltr'>pauoris</span> <span class='ocrx_word' id='word_1_301' title='bbox 563 4122 628 4171; x_wconf 80' lang='lat' dir='ltr'>Mur.</span> <span class='ocrx_word' id='word_1_302' title='bbox 640 4119 698 4171; x_wconf 78' lang='lat' dir='ltr'>Alc.</span> <span class='ocrx_word' id='word_1_303' title='bbox 711 4122 726 4170; x_wconf 96' lang='lat' dir='ltr'>l</span> <span class='ocrx_word' id='word_1_304' title='bbox 737 4122 810 4173; x_wconf 76' lang='lat' dir='ltr'>June.</span> <span class='ocrx_word' id='word_1_305' title='bbox 824 4121 864 4171; x_wconf 89' lang='lat' dir='ltr'>for</span> <span class='ocrx_word' id='word_1_306' title='bbox 875 4123 986 4184; x_wconf 82' lang='lat' dir='ltr'>uaporis.</span> <span class='ocrx_word' id='word_1_307' title='bbox 1086 4121 1135 4170; x_wconf 84' lang='grc'>306</span> <span class='ocrx_word' id='word_1_308' title='bbox 1145 4120 1216 4168; x_wconf 79' lang='lat' dir='ltr'>Inter</span> <span class='ocrx_word' id='word_1_309' title='bbox 1227 4126 1307 4169; x_wconf 82' lang='lat' dir='ltr'>utros·</span> 
     </span>
     <span class='ocr_line' id='line_1_40' title="bbox 118 4200 1357 4267; baseline -0.002 -16"><span class='ocrx_word' id='word_1_310' title='bbox 118 4205 235 4253; x_wconf 64' lang='grc'><strong>,1111111111</strong></span> <span class='ocrx_word' id='word_1_311' title='bbox 245 4203 343 4252; x_wconf 81' lang='lat' dir='ltr'>Avcno.</span> <span class='ocrx_word' id='word_1_312' title='bbox 356 4201 417 4267; x_wconf 74' lang='lat' dir='ltr'>(siu</span> <span class='ocrx_word' id='word_1_313' title='bbox 428 4209 463 4251; x_wconf 78' lang='lat' dir='ltr'>cst</span> <span class='ocrx_word' id='word_1_314' title='bbox 478 4201 544 4252; x_wconf 84' lang='lat' dir='ltr'>Mur.</span> <span class='ocrx_word' id='word_1_315' title='bbox 562 4203 644 4262; x_wconf 79' lang='lat' dir='ltr'>Junt.)</span> <span class='ocrx_word' id='word_1_316' title='bbox 656 4200 696 4250; x_wconf 87' lang='lat' dir='ltr'>for</span> <span class='ocrx_word' id='word_1_317' title='bbox 710 4203 783 4251; x_wconf 80' lang='lat' dir='ltr'>Iuter</span> <span class='ocrx_word' id='word_1_318' title='bbox 797 4209 913 4265; x_wconf 83' lang='lat' dir='ltr'>utrasque</span> <span class='ocrx_word' id='word_1_319' title='bbox 928 4203 1001 4250; x_wconf 80' lang='lat' dir='ltr'>sitas.</span> <span class='ocrx_word' id='word_1_320' title='bbox 1034 4203 1099 4250; x_wconf 81' lang='lat' dir='ltr'>sitas</span> <span class='ocrx_word' id='word_1_321' title='bbox 1115 4200 1144 4249; x_wconf 85' lang='lat' dir='ltr'>of</span> <span class='ocrx_word' id='word_1_322' title='bbox 1158 4213 1222 4248; x_wconf 87' lang='lat' dir='ltr'>mss.</span> <span class='ocrx_word' id='word_1_323' title='bbox 1237 4203 1308 4249; x_wconf 89' lang='lat' dir='ltr'>must</span> <span class='ocrx_word' id='word_1_324' title='bbox 1355 4257 1357 4261; x_wconf 18' lang='lat'>⁸</span> 
     </span>
     <span class='ocr_line' id='line_1_41' title="bbox 118 4278 1307 4356; baseline 0.001 -27"><span class='ocrx_word' id='word_1_325' title='bbox 118 4283 234 4334; x_wconf 72' lang='grc'><strong>0111111111</strong></span> <span class='ocrx_word' id='word_1_326' title='bbox 251 4282 296 4333; x_wconf 88' lang='lat' dir='ltr'>the</span> <span class='ocrx_word' id='word_1_327' title='bbox 308 4280 389 4332; x_wconf 88' lang='lat' dir='ltr'>scribe</span> <span class='ocrx_word' id='word_1_328' title='bbox 399 4281 449 4332; x_wconf 76' lang='lat' dir='ltr'>hos</span> <span class='ocrx_word' id='word_1_329' title='bbox 460 4281 524 4331; x_wconf 86' lang='lat' dir='ltr'>then</span> <span class='ocrx_word' id='word_1_330' title='bbox 540 4280 651 4356; x_wconf 73' lang='lat' dir='ltr'>qdopted</span> <span class='ocrx_word' id='word_1_331' title='bbox 665 4289 785 4345; x_wconf 76' lang='lat' dir='ltr'>utrasque</span> <span class='ocrx_word' id='word_1_332' title='bbox 802 4285 830 4331; x_wconf 90' lang='lat' dir='ltr'>to</span> <span class='ocrx_word' id='word_1_333' title='bbox 846 4284 917 4333; x_wconf 78' lang='lat' dir='ltr'>sitas.</span> <span class='ocrx_word' id='word_1_334' title='bbox 953 4283 1131 4344; x_wconf 79' lang='lat' dir='ltr'>Iuterutroque</span> <span class='ocrx_word' id='word_1_335' title='bbox 1145 4294 1214 4328; x_wconf 78' lang='lat' dir='ltr'>secus</span> <span class='ocrx_word' id='word_1_336' title='bbox 1228 4278 1307 4330; x_wconf 74' lang='lat' dir='ltr'>Irsch.</span> 
     </span>
     <span class='ocr_line' id='line_1_42' title="bbox 118 4354 1309 4428; baseline -0.003 -14"><span class='ocrx_word' id='word_1_337' title='bbox 118 4354 281 4428; x_wconf 66' lang='lat' dir='ltr'>ltuuuraque</span> <span class='ocrx_word' id='word_1_338' title='bbox 292 4372 359 4416; x_wconf 80' lang='lat' dir='ltr'>secut</span> <span class='ocrx_word' id='word_1_339' title='bbox 370 4365 446 4415; x_wconf 89' lang='lat' dir='ltr'>Bern.</span> <span class='ocrx_word' id='word_1_340' title='bbox 514 4365 562 4415; x_wconf 83' lang='grc'>309</span> <span class='ocrx_word' id='word_1_341' title='bbox 573 4364 687 4413; x_wconf 82' lang='lat' dir='ltr'>Naturae</span> <span class='ocrx_word' id='word_1_342' title='bbox 698 4364 762 4416; x_wconf 84' lang='lat' dir='ltr'>Mur.</span> <span class='ocrx_word' id='word_1_343' title='bbox 778 4363 853 4413; x_wconf 84' lang='lat' dir='ltr'>Junt.</span> <span class='ocrx_word' id='word_1_344' title='bbox 865 4363 905 4413; x_wconf 89' lang='lat' dir='ltr'>for</span> <span class='ocrx_word' id='word_1_345' title='bbox 915 4364 1025 4413; x_wconf 79' lang='lat' dir='ltr'>Natura.</span> <span class='ocrx_word' id='word_1_346' title='bbox 1102 4363 1150 4413; x_wconf 79' lang='lat'>317</span> <span class='ocrx_word' id='word_1_347' title='bbox 1162 4367 1230 4424; x_wconf 81' lang='lat' dir='ltr'>quot.</span> <span class='ocrx_word' id='word_1_348' title='bbox 1243 4363 1309 4424; x_wconf 83' lang='lat' dir='ltr'>quod</span> 
     </span>
    </p>
   </div>
   <div class='ocr_carea' id='block_1_4' title="bbox 1138 4463 1229 4528">
    <p class='ocr_par' dir='ltr' id='par_1_5' title="bbox 1138 4463 1229 4528">
     <span class='ocr_line' id='line_1_43' title="bbox 1138 4463 1229 4528; baseline -0.033 0"><span class='ocrx_word' id='word_1_349' title='bbox 1138 4463 1229 4528; x_wconf 71' lang='lat' dir='ltr'>t-‘c</span> 
     </span>
    </p>
   </div>
   <div class='ocr_carea' id='block_1_5' title="bbox 0 0 1429 4786">
    <p class='ocr_par' dir='ltr' id='par_1_6' title="bbox 0 0 1429 4786">
     <span class='ocr_line' id='line_1_44' title="bbox 0 0 1429 4786; baseline 0 0"><span class='ocrx_word' id='word_1_350' title='bbox 0 0 1429 4786; x_wconf 95' lang='lat' dir='ltr'> </span> 
     </span>
    </p>
   </div>
  </div>
 </body>
</html>
