2834 4792
674 205 704 268 V

170 366 338 432 aestiferas
361 387 463 452 usque
486 365 520 430 in
543 365 646 452 partis
668 374 703 431 et
725 365 848 431 fervida
869 365 969 453 signa.

169 478 203 534 et
225 468 350 534 ratione
373 467 444 553 pari
466 468 577 532 lunam
599 467 775 553 stellasque
798 468 1022 554 putandumst,

169 596 253 660 quae
274 572 412 637 volvunt
434 594 568 660 magnos
590 571 625 636 in
647 572 774 659 magnis
796 571 927 638 orbibus
948 594 1059 651 annos,

168 677 298 743 aeribus
321 697 412 761 posse
434 675 568 740 alternis
591 697 609 740 e
631 674 779 761 partibus
801 675 855 740 ire.

168 803 275 845 nonne
297 779 388 844 vides
410 779 510 844 etiam
532 778 668 844 diversis
690 778 803 844 nubila
825 779 932 845 ventis

169 885 311 950 diversas
333 884 379 949 ire
402 883 437 948 in
459 883 561 969 partis
583 884 709 949 inferna
731 885 902 970 supernis?

169 988 226 1075 qui
249 988 356 1052 minus
378 987 434 1052 illa
456 995 578 1073 queant
600 1010 659 1074 per
683 1010 816 1074 magnos
837 988 979 1054 aetheris
1001 989 1087 1054 orbis

169 1090 313 1156 aestibus
334 1090 421 1155 inter
443 1112 477 1154 se
499 1089 633 1156 diversis
655 1089 761 1155 sidera
783 1090 882 1156 ferri?
928 1171 930 1175 y

214 1194 259 1257 At
280 1215 344 1257 nox
367 1192 476 1257 obruit
497 1193 624 1280 ingenti
648 1193 786 1279 caligine
809 1202 918 1271 terras,

168 1306 228 1362 aut
249 1296 308 1362 ubi
330 1296 371 1361 de
393 1296 488 1383 longo
511 1319 606 1362 cursu
629 1297 677 1361 sol
700 1297 817 1361 ultima
838 1298 919 1362 caeli

167 1399 300 1485 impulit
321 1406 420 1485 atque
442 1421 516 1463 suos
538 1399 661 1464 efflavit
683 1398 857 1486 languidus
879 1399 964 1487 ignis

168 1525 336 1568 concussos
358 1503 440 1568 itere
463 1511 497 1568 et
520 1502 693 1568 labefactos
715 1525 788 1568 aere
810 1502 924 1581 multo,

167 1618 227 1671 aut
249 1606 326 1693 quia
347 1605 408 1671 sub
431 1617 533 1670 terras
555 1628 684 1670 cursum
707 1613 893 1671 convortere
916 1606 1003 1691 cogit

168 1709 217 1774 vis
239 1709 360 1787 eadem,
383 1731 480 1794 supra
502 1730 584 1794 quae
607 1715 710 1773 terras
731 1708 869 1794 pertulit
891 1708 1008 1774 orbem

212 1814 370 1899 Tempore
392 1813 474 1878 item
496 1820 584 1877 certo
606 1834 730 1877 roseam
753 1812 885 1877 Matuta
906 1834 964 1897 per
987 1833 1058 1876 oras

168 1915 310 1980 aetheris
331 1938 479 1980 auroram
502 1915 612 1980 differt
634 1923 669 1980 et
692 1916 816 1980 lumina
837 1915 961 2001 pandit,

169 2028 228 2084 aut
250 2019 328 2106 quia
351 2019 398 2083 sol
421 2018 517 2096 idem,
540 2019 601 2083 sub
623 2027 726 2084 terras
747 2019 802 2083 ille
825 2027 997 2096 revertens,

168 2123 328 2208 anticipat
350 2120 476 2186 caelum
498 2121 598 2186 radiis
620 2122 794 2187 accendere
817 2129 992 2207 temptans,

167 2233 226 2289 aut
248 2225 325 2311 quia
347 2223 543 2289 conveniunt
565 2224 658 2311 ignes
679 2232 714 2289 et
736 2224 860 2289 semina
882 2224 987 2289 multa

171 2329 330 2393 confluere
352 2327 473 2392 ardoris
495 2336 692 2392 consuerunt
714 2337 860 2414 tempore
883 2336 979 2405 certo,

170 2455 252 2518 quae
275 2432 399 2496 faciunt
421 2431 496 2496 solis
517 2454 601 2496 nova
623 2436 750 2518 semper
772 2432 896 2496 lumina
917 2432 1027 2519 gigni3

169 2535 255 2621 quod
277 2557 381 2622 genus
404 2535 512 2600 Idaeis
534 2536 621 2599 fama
643 2543 693 2600 est
715 2558 733 2600 e
756 2535 921 2600 montibus
942 2535 1019 2600 altis

167 2639 327 2724 dispersos
349 2637 435 2726 ignis
457 2638 575 2702 orienti
597 2636 720 2703 lumine
742 2637 839 2715 cerni,

170 2741 247 2806 inde
270 2741 352 2806 coire
375 2741 508 2828 globum
531 2741 623 2826 quasi
645 2741 679 2805 in
702 2764 805 2806 unum
827 2748 862 2805 et
884 2740 1037 2806 conficere
1060 2740 1178 2806 orbem.
1223 2744 1283 2824 665

170 2867 230 2909 nec
251 2852 362 2909 tamen
385 2844 464 2908 illud
488 2844 523 2907 in
546 2843 597 2909 his
619 2844 716 2909 rebus
738 2843 885 2908 mirabile
907 2842 1006 2908 debet

171 2969 249 3024 esse,
271 2946 357 3033 quod
379 2947 458 3011 haec
480 2946 566 3032 ignis
588 2954 657 3011 tam
679 2955 766 3012 certo
788 2955 934 3032 tempore
956 2954 1091 3031 possunt

171 3051 294 3115 semina
316 3051 475 3116 confluere
497 3059 532 3115 et
553 3050 629 3115 solis
650 3046 798 3138 'reparare
820 3051 967 3115 nitorem.

172 3154 277 3218 multa
298 3154 446 3218 videmus
468 3154 565 3232 enim,
587 3163 676 3218 certo
698 3176 781 3239 quae
804 3161 949 3240 tempore
971 3153 1055 3218 fiunt

171 3257 322 3322 omnibus
344 3257 378 3321 in
401 3258 505 3322 rebus.
536 3258 708 3323 florescunt
730 3268 876 3344 tempore
897 3243 986 3322 certo
1223 3261 1288 3338 670

170 3360 303 3424 arbusta
324 3369 358 3424 et
380 3369 468 3425 certo
490 3360 665 3425 dimittunt
686 3370 831 3446 tempore
854 3361 973 3426 florem.

172 3486 230 3528 uec
252 3465 361 3528 minus
382 3464 417 3527 in
439 3473 527 3528 certo
549 3465 664 3529 dentes
687 3465 800 3530 cadere
822 3465 961 3550 imperat
983 3473 1073 3530 aetas

171 3574 315 3651 tempore
338 3576 373 3632 et
394 3567 551 3652 inpubem
573 3568 663 3632 molli
685 3569 860 3654 pubescere
882 3579 973 3632 veste

171 3676 206 3732 et
228 3670 349 3754 pariter
371 3670 501 3735 mollem
524 3671 619 3735 malis
641 3671 813 3736 demittere
837 3671 980 3736 barbam.

171 3771 308 3836 fulmina
329 3781 491 3858 postremo
513 3772 570 3837 nix
592 3774 712 3839 imbres
734 3774 847 3838 nubila
868 3774 959 3838 venti
1223 3775 1284 3853 675

118 4025 220 4072 retiam.
343 4021 391 4072 648
407 4024 457 4072 illa
467 4022 534 4074 Flor.
549 4024 580 4072 31
593 4023 683 4073 (lamb.
694 4023 771 4072 Pont.
784 4023 849 4073 Mar.
861 4024 903 4073 for
912 4025 967 4074 ille.
1082 4023 1129 4073 651
1146 4025 1184 4072 sol
1194 4025 1287 4073 ultimo

118 4103 175 4154 ymb.
189 4103 249 4155 Vat.
268 4104 332 4154 1136
350 4103 403 4153 and
420 4105 483 4155 1954
499 4103 594 4154 Othob.
610 4104 651 4153 for
666 4105 745 4154 solvet
761 4107 813 4154 ima
829 4106 903 4155 caeli.
921 4106 958 4153 sol
974 4104 1069 4154 extima
1084 4103 1153 4153 Flor.
1171 4103 1203 4152 31
1220 4103 1287 4154 Mar.
1381 4167 1384 4172 Δ

118 4185 142 4236 d.
158 4186 172 4234 1
185 4185 258 4234 Junt.
271 4189 319 4236 oto.
352 4184 467 4234 Politian
478 4185 506 4234 in
517 4200 598 4247 marg.
610 4185 679 4234 Flor.
691 4187 722 4237 29
733 4184 783 4235 has
794 4184 858 4235 both
868 4187 959 4235 ultima
970 4183 1023 4234 and
1033 4186 1136 4235 mrim.

118 4267 168 4318 656
184 4269 289 4317 Matuta
305 4267 383 4317 Pont.
402 4267 467 4316 Mar.
485 4266 543 4316 Ald.
562 4269 576 4316 l
593 4267 666 4316 Junt.
684 4267 725 4317 for
741 4275 849 4317 matura.
968 4266 1015 4318 667
1028 4273 1134 4331 possunt
1150 4264 1231 4316 Lach.
1249 4266 1290 4316 for

118 4351 172 4400 rsit.
202 4352 302 4415 possint
314 4350 383 4412 vulg.
397 4354 517 4413 contrary
528 4353 556 4399 to
566 4348 612 4399 tha
623 4348 766 4412 unvarying
777 4363 855 4411 usage
866 4348 895 4398 of
903 4347 979 4398 Lucr.
1104 4347 1152 4400 675
1168 4350 1288 4398 Fulmina
