2804 4786
639 218 689 282 VI

175 387 274 473 inque
297 387 369 452 aliis
391 387 501 464 alium,
523 387 679 473 populum
702 387 839 473 sepelire
861 411 992 453 suorum
1050 379 1053 386 ’

173 500 352 558 certantes:
381 492 523 557 lacrimis
544 492 620 557 lassi
642 493 798 579 luctuque
821 493 990 573 redibant;

173 590 249 656 inde
271 592 389 656 bonam
411 600 536 677 partem
559 592 594 655 in
618 591 738 656 lectum
763 615 905 656 maerore
928 593 1097 660 dabantur.

174 716 233 758 nec
256 702 382 780 poterat
404 695 575 780 quisquam
597 694 737 778 reperiri,
760 717 857 780 quern
880 718 985 780 neque
1008 696 1141 780 morbus
1191 711 1273 777 1250

174 820 233 863 nec
255 820 340 862 mors
361 820 420 862 nec
443 797 549 862 luctus
570 806 748 884 temptaret
770 807 916 884 tempore
938 799 1004 863 tali.

221 897 391 961 Praeterea
411 896 476 960 iarn
501 904 608 981 pastor
630 906 665 962 et
687 897 902 962 armentarius
924 899 1030 962 omnis

71 1057 76 1064 .
175 1008 209 1064 et
230 1001 381 1065 robustus
403 1000 483 1063 item
505 999 595 1064 curvi
617 1000 799 1065 moderator
820 1000 919 1065 aratri

177 1099 361 1185 languebat,
384 1099 579 1184 penitusque
602 1121 675 1163 casa
697 1108 848 1164 contrusa
869 1101 1018 1166 iacebant

177 1225 306 1288 corpora
327 1212 520 1289 paupertate
542 1212 576 1268 et
599 1204 709 1268 morbo
731 1204 842 1268 dedita
864 1205 969 1269 morti.
1192 1221 1269 1285 1255

178 1307 333 1371 exanimis
355 1308 464 1392 pueris
486 1329 582 1392 super
605 1306 789 1373 exanimata
811 1315 983 1392 parentum

177 1429 306 1492 corpora
327 1425 570 1493 nonnumquam
592 1430 701 1493 posses
722 1415 872 1492 retroque
895 1407 1003 1471 videre

177 1510 335 1574 matribus
358 1519 392 1575 et
414 1511 561 1597 patribus
582 1519 675 1575 natos
698 1533 793 1596 super
815 1510 909 1575 edere
933 1510 1044 1574 vitam.

177 1636 235 1678 nec
257 1615 424 1679 minimam
448 1626 574 1701 partem
597 1638 636 1680 ex
659 1615 745 1700 agris
767 1617 796 1679 a's
817 1637 941 1679 maeror
962 1615 997 1678 in
1018 1615 1132 1679 urbem

177 1717 348 1795 confluxit
363 1720 519 1803 languens
542 1741 638 1803 quem
660 1719 798 1784 contulit
821 1719 1034 1806 agricolarum
1192 1720 1273 1782 1260

177 1821 268 1904 copia
290 1803 481 1885 conveniens
504 1843 543 1884 ex
567 1821 655 1884 omni
681 1821 828 1885 morbida
850 1831 949 1906 parte.

178 1923 286 1987 omnia
308 1924 502 2008 conplebant
525 1924 593 1987 loca
614 1932 787 2010 tectaque;
818 1947 881 2011 quo
906 1924 1008 2010 magis
1031 1933 1139 1988 aestus

74 2171 76 2175 -
176 2129 334 2193 confertos
355 2129 404 2193 ita
425 2130 599 2194 acervatim
622 2153 706 2195 mors
728 2132 960 2214 accumulabat.

180 2234 285 2299 multa
306 2234 363 2298 siti
385 2243 547 2320 protracta
569 2235 654 2299 viam
677 2258 734 2321 per
757 2258 877 2322 proque
900 2237 1012 2300 voluta

179 2361 311 2424 corpora
332 2340 449 2404 silanos
471 2340 513 2404 ad
535 2363 692 2425 aquarum
714 2349 816 2405 strata
839 2340 989 2405 iacebant
1193 2341 1271 2419 1265

107 2528 110 2534 ἦ
178 2441 353 2506 interclusa
374 2443 483 2507 anima
505 2442 607 2507 nimia
628 2443 669 2507 ab
692 2442 862 2508 dulcedine
885 2466 1050 2529 aquarum,

179 2545 348 2630 multaque
370 2568 428 2631 per
449 2546 562 2631 populi
584 2546 704 2631 passim
728 2547 796 2610 loca
818 2554 966 2631 prompta
989 2545 1120 2630 viasque

180 2648 335 2735 languida
356 2651 533 2714 semanimo
555 2673 629 2714 cum
653 2672 782 2735 corpore
805 2650 949 2730 membra
971 2648 1096 2713 videres

179 2751 308 2817 horrida
330 2752 466 2838 paedore
489 2762 523 2818 et
545 2754 661 2838 pannis
684 2761 833 2838 cooperta
855 2753 958 2838 perire

178 2855 317 2941 corporis
339 2856 469 2934 inluvie,
492 2857 569 2942 pelli
583 2845 688 2943 >super
710 2857 835 2922 ossibus
857 2880 929 2933 una,
1193 2872 1274 2936 1270

179 2960 341 3025 ulceribus
364 2961 477 3026 taetris
500 2974 599 3046 prope
621 2961 686 3025 iam
709 2961 858 3046 sordique
881 2961 1015 3046 sepulta.

180 3063 288 3126 omnia
310 3062 449 3148 denique
472 3073 584 3128 sancta
605 3065 704 3128 deum
727 3064 861 3128 delubra
883 3064 1023 3148 replerat

70 3322 140 3373 Brix.
155 3321 212 3371 Ver.
226 3321 291 3370 Ven.
303 3321 343 3372 for
353 3325 452 3371 incarn.
551 3324 614 3375 1247
626 3338 675 3372 ons
687 3338 715 3372 or
726 3337 797 3371 more
808 3337 893 3372 verses
908 3337 951 3371 are
963 3321 1093 3384 evidently
1103 3321 1154 3370 lost
1165 3319 1234 3378 here,
1247 3334 1276 3368 or

71 3403 115 3453 the
125 3417 234 3467 passage
242 3418 295 3453 was
306 3403 352 3453 leit
363 3404 392 3452 in
404 3419 438 3454 an
450 3404 598 3454 unfinished
609 3407 683 3454 state.
855 3405 918 3455 1249
930 3407 959 3453 in
970 3407 1060 3453 lectam
1069 3403 1135 3452 Mar.
1147 3403 1163 3451 J
1165 3406 1221 3454 unt.
1234 3403 1275 3450 for

71 3488 191 3536 iniectum
201 3488 253 3536 :vin
265 3489 340 3536 letam
351 3487 415 3538 Mar.
430 3501 454 3548 p.
470 3502 505 3535 m.
517 3487 545 3535 in
558 3488 628 3536 Mon.
641 3488 694 3537 and
702 3487 810 3537 Victorii
818 3487 881 3539 Ven.
984 3488 1048 3535 1250
1055 3489 1151 3536 amabas
1160 3487 1228 3537 Flor.
1243 3488 1274 3536 31

73 3565 160 3616 (lamb.
173 3567 244 3618 Mon.
259 3567 299 3617 lor
310 3571 397 3619 morbo.
517 3569 580 3619 1259
593 3584 622 3616 ea
634 3571 703 3629 ayn'e
715 3571 737 3616 ir
749 3583 846 3617 maeror
856 3567 906 3617 Ed.
917 3567 958 3616 ior
969 3582 1000 3616 aa
1011 3569 1080 3628 apris
1091 3569 1218 3615 maeroris.
1251 3569 1274 3614 ia

72 3664 123 3700 was
133 3648 259 3701 absorbed
269 3650 303 3714 by
314 3654 397 3712 carim
416 3651 479 3700 then
490 3654 608 3700 maeroris
620 3665 671 3700 was
682 3650 783 3699 written
795 3655 822 3698 to
838 3650 876 3698 fill
888 3665 923 3711 up
935 3650 979 3698 the
990 3663 1069 3698 verse.
1136 3649 1200 3698 1260
1213 3651 1274 3698 Oan-

66 3733 155 3794 flaait,
170 3735 298 3794 lanquoris.
334 3735 462 3795 conflarit
473 3734 539 3781 labes
551 3731 644 3781 Lach:
662 3747 678 3780 a
688 3730 784 3780 violent
800 3731 946 3781 alteration.
1046 3731 1109 3780 1262
1121 3731 1274 3793 conplebant.

73 3814 208 3876 complebat
226 3813 299 3862 Junt.
317 3816 364 3862 not
382 3814 457 3861 Pont.
475 3826 504 3861 or
520 3812 598 3871 Mar,
615 3814 768 3874 complebant
784 3811 875 3861 Lamb.
893 3812 932 3860 ior
948 3812 1105 3861 condiebant.
1139 3813 1275 3860 caradebant

73 3894 169 3944 Acorr.
184 3893 255 3944 Nica.
291 3901 380 3945 metas.
417 3902 475 3942 aria
485 3893 564 3942 Lach.
593 3901 675 3942 aestas
686 3893 802 3950 however
811 3907 899 3954 agrees
908 3907 936 3941 so
948 3892 1057 3955 entirely
1065 3891 1129 3941 with
1140 3892 1184 3941 the
1192 3892 1275 3940 words

73 3975 99 4024 oi
110 3974 281 4037 Hucydides,
293 3974 352 4024 that
363 3974 377 4022 I
389 3974 464 4024 think
476 3990 491 4024 a
502 3990 573 4024 verse
584 3975 633 4025 has
644 3975 721 4024 fallen
733 3977 778 4024 out
790 3973 854 4022 such
870 3988 900 4023 as
911 3990 958 4036 quo
969 3977 1049 4036 napis
1061 3983 1142 4024 metas
1156 3976 1274 4037 conficie-

74 4057 114 4109 tat
125 4073 165 4107 eos
176 4059 225 4106 cet.
258 4064 330 4106 acaia
341 4056 406 4106 Mar.
418 4057 433 4105 J
435 4062 491 4107 unt.
503 4058 580 4107 Bern.
679 4056 742 4105 1264
754 4063 886 4119 protracta
894 4055 974 4105 Laeh.
987 4056 1027 4105 for
1035 4065 1179 4120 prostrata:
1197 4056 1274 4106 Wak.

73 4139 146 4190 reads
155 4146 253 4190 starcia
264 4139 304 4188 ior
314 4146 396 4189 atrata
407 4139 434 4188 in
447 4140 518 4189 1265.
651 4139 713 4188 1265
725 4139 838 4188 iacebant
850 4137 909 4187 Ver.
920 4138 983 4190 Ven.
998 4139 1038 4188 lor
1049 4141 1171 4190 tacebant.
1209 4147 1274 4189 tace·

75 4221 298 4274 contuimur
314 4224 324 4272 i
337 4221 440 4271 written
456 4237 516 4270 over
527 4230 555 4272 i:
572 4222 662 4280 hence,
674 4221 749 4271 while
763 4221 832 4269 Flor.
849 4222 880 4269 31
899 4221 988 4270 Gamb.
1005 4223 1054 4270 etc.
1070 4221 1134 4283 keep
1152 4223 1275 4279 iacebant,

76 4301 133 4354 Ver.
144 4303 210 4354 Ven.
220 4302 305 4352 which
316 4303 419 4365 usually
430 4302 525 4353 adhere
539 4307 566 4353 to
581 4302 627 4352 the
642 4302 713 4352 older
727 4305 782 4352 text
795 4302 824 4351 of
838 4300 919 4363 Nica,
934 4301 1001 4351 have
1011 4301 1056 4351 the
1066 4301 1194 4352 corrected
1204 4301 1275 4351 read-

74 4385 125 4450 ing.
247 4385 310 4437 1211
325 4385 454 4435 Ulceribns
464 4384 555 4435 Lamb.
567 4384 624 4434 first
636 4384 675 4435 for
689 4385 825 4435 Viceribns.
862 4385 1000 4434 Visceribus
1012 4384 1035 4433 A
1046 4398 1110 4433 corr.
1122 4383 1193 4433 Nica.
1204 4383 1274 4433 Flor.
