2834 4792
734 210 783 275 IV

244 366 371 431 scaenai
392 367 543 453 speciem,
563 377 695 455 patrum
717 378 910 456 coetumque
932 372 1084 438 decorum

243 468 393 534 inficiunt
414 478 599 557 coguntque
621 493 680 537 sao
701 471 831 539 fluitare
853 473 965 540 colore

244 579 279 636 et
300 580 422 658 quanto
444 573 564 637 circum
587 596 681 661 mage
703 583 781 640 sunt
803 575 928 641 inclusa
949 576 1070 642 theatri

243 677 414 755 moenibu’,
435 686 505 743 tam
527 678 632 766 magis
654 678 733 743 haec
755 679 845 744 intus
867 681 996 765 perfirsa
1018 681 1125 767 lepore

243 781 352 846 omnia
373 781 541 848 conrident
563 793 708 868 correpta
731 783 802 849 luce
823 782 897 848 diei.

243 904 319 969 ergo
342 882 443 948 lintea
464 883 505 948 de
526 905 653 949 summo
675 906 749 949 cum
771 907 901 971 corpore
923 885 1034 951 fucum

243 986 390 1064 mittunt,
412 986 535 1073 effigias
557 1009 685 1074 quoque
707 988 829 1053 debent
851 988 982 1055 mittere
1004 990 1111 1054 tenvis

241 1111 292 1154 res
314 1112 470 1176 quaeque,
492 1113 532 1155 ex
555 1112 681 1155 summo
702 1091 855 1177 quoniam
877 1092 1061 1158 iaculantur
1083 1101 1233 1180 utraque.

242 1201 319 1257 sunt
342 1192 443 1279 igitur
465 1193 530 1257 iam
552 1193 726 1258 formarum
750 1195 888 1281 vestigia
908 1203 997 1260 certa

242 1317 325 1380 quae
348 1295 441 1382 volgo
462 1296 601 1360 volitant
622 1296 736 1382 suptili
758 1297 907 1383 praedita
928 1298 982 1363 filo
1068 1302 1071 1306 ’

241 1421 300 1464 nec
322 1400 513 1486 singillatim
534 1411 669 1485 possunt
691 1409 815 1467 secreta
838 1402 947 1468 videri

240 1512 407 1588 praeterea
425 1503 532 1594 omnis
554 1504 630 1568 odor
652 1505 761 1569 fumus
782 1527 882 1591 vapor
903 1514 1001 1592 atque
1023 1505 1107 1571 aliae
1128 1529 1180 1572 res

241 1608 421 1673 consimiles
444 1608 516 1673 ideo
538 1608 674 1673 diffirsae
696 1609 830 1674 erebus
852 1609 1029 1686 abundant,

240 1732 279 1774 ex
302 1711 368 1776 alto
391 1711 467 1797 quia
488 1711 566 1776 dum
590 1711 727 1776 veniunt
747 1711 942 1777 intrinsecus
964 1720 1062 1789 ortae,

240 1814 431 1879 scinduntur
453 1837 511 1901 per
532 1815 596 1879 iter
618 1815 747 1892 flexum,
769 1838 829 1881 nec
850 1824 940 1880 recta
960 1816 1086 1880 viarum

239 1918 322 1983 ostia
344 1927 421 1983 sunt
443 1942 507 2006 qua
529 1919 727 1984 contendant
748 1920 836 1985 exire
858 1929 991 1986 coortae

238 2030 274 2087 at
296 2032 406 2087 contra
428 2023 536 2088 tenuis
558 2023 677 2088 summi
699 2024 887 2089 membrana
908 2024 1019 2088 coloris

240 2149 313 2190 curn
336 2126 461 2203 iacitur,
484 2126 530 2191 nil
553 2136 603 2192 est
626 2127 712 2213 quod
734 2150 805 2192 eam
828 2128 1008 2214 discerpere
1030 2127 1141 2213 possit,

238 2228 272 2293 in
295 2239 446 2316 promptu
470 2230 623 2316 quoniam
646 2229 752 2295 estin
775 2230 879 2316 prima
901 2231 1006 2295 fronte
1028 2231 1140 2296 locata

237 2341 398 2418 postremo
421 2333 559 2418 speculis
581 2333 616 2397 in
638 2355 723 2419 aqua
744 2333 985 2419 splendoreque·
999 2334 1033 2397 in
1055 2333 1144 2398 omni

238 2458 460 2523 quaecumque
482 2447 639 2523 apparent
661 2437 754 2502 nobis
775 2437 954 2516 simulacra,
975 2445 1146 2515 necessest,

237 2540 498 2625 quandoquidem
521 2539 619 2604 simili
642 2538 747 2624 specie
769 2548 846 2604 sunt
868 2540 1016 2625 praedita
1037 2561 1145 2604 rerum
1298 2559 1364 2607 100

237 2639 366 2715 extima,
389 2639 585 2724 imaginibus
608 2639 713 2703 missis
735 2639 908 2704 consistere
930 2661 1045 2704 rerum.

149 2827 227 2875 duras
238 2825 267 2875 in
279 2825 382 2875 various
393 2839 455 2874 mss.
468 2824 520 2874 and
532 2825 584 2876 eds.
687 2828 718 2877 79
736 2826 844 2875 Scaeaai
855 2823 945 2873 Isamb.
955 2823 1011 2872 first
1023 2823 1063 2871 lor
1073 2823 1183 2872 Scaehai
1194 2821 1225 2881 A,
1234 2823 1360 2874 Scaenali

150 2909 180 2957 B.
215 2911 360 2958 Seaeaalem
377 2908 400 2956 A
415 2922 480 2957 corr.
498 2907 569 2957 Nico.
586 2907 621 2958 all
637 2921 700 2956 mss.
719 2907 772 2957 and
788 2906 839 2957 eds.
857 2907 970 2957 between
986 2907 1042 2956 him
1060 2905 1111 2957 and
1127 2905 1218 2956 hamb.
1251 2915 1362 2970 patrum

150 2998 292 3054 coetumque
315 2992 428 3039 decoram
451 2989 500 3039 Ed.
518 2990 558 3038 ior
575 2997 679 3054 patrum
695 2997 849 3052 antrumque
866 2990 974 3038 deorum.
1005 2996 1109 3052 patrum
1125 2996 1281 3052 neutramque
1297 2992 1358 3041 deo·

149 3088 251 3136 rarique
259 3072 329 3122 Nice.
338 3070 374 3121 all
384 3071 470 3120 betore
482 3071 562 3121 Lach.
587 3074 703 3135 pulcram
714 3074 859 3135 variamque
871 3074 981 3121 decorem
989 3071 1070 3121 Lach.
1097 3073 1193 3121 claram
1204 3074 1356 3136 variamque

149 3156 260 3204 deorsam
270 3155 346 3206 Bern.
382 3154 435 3202 But
446 3168 528 3215 comp.
542 3154 605 3202 hen.
617 3168 632 3202 v
645 3155 701 3215 340,
715 3154 773 3204 Tac.
789 3169 851 3203 ann.
864 3169 913 3202 1111
925 3154 957 3204 st
969 3154 1022 3203 and
1034 3153 1123 3204 (lamb.
1138 3153 1229 3203 Journ.
1245 3155 1275 3203 01
1288 3153 1357 3216 phil.

149 3251 159 3285 1
176 3237 232 3286 373.
265 3235 341 3285 Lucr.
358 3235 428 3284 often
445 3234 493 3284 has
510 3251 556 3297 que
574 3235 601 3284 in
619 3234 663 3284 the
680 3235 750 3284 third
766 3236 853 3298 place:
871 3234 1147 3296 comp.104,andsee
1164 3238 1240 3285 notes
1257 3238 1273 3284 2
1288 3239 1317 3286 to
1334 3252 1357 3286 11

151 3319 223 3368 1050.
253 3327 356 3381 patrum
373 3317 425 3367 and
442 3319 554 3366 decoram
573 3332 642 3366 seem
659 3320 686 3366 to
703 3333 744 3367 me
765 3321 850 3380 pretty
873 3318 985 3367 certain:
1010 3317 1051 3366 ior
1074 3325 1217 3380 coetumque
1240 3319 1357 3382 perhaps

148 3407 310 3463 orrratamqae
328 3414 357 3448 or
374 3399 417 3448 the
434 3398 493 3447 like.
593 3401 623 3449 sl
641 3403 739 3449 inclusa
757 3402 851 3449 theatri
868 3399 994 3449 Moeniba'
1011 3398 1060 3448 Ed.
1078 3400 1119 3448 ior
1135 3400 1236 3449 inclara
1254 3400 1294 3465 (B,
1313 3404 1355 3459 inf

148 3481 295 3530 ciamtrah
311 3480 391 3544 Nice.)
405 3482 498 3529 theatri
515 3483 632 3531 Moenia:
649 3495 665 3530 a
682 3495 817 3543 necessary
834 3480 886 3530 and
903 3479 995 3542 simple
1012 3480 1169 3531 correction:
1186 3483 1292 3531 Moenia
1302 3481 1355 3534 has

148 3562 234 3612 arisen
244 3562 312 3610 from
323 3561 368 3611 the
382 3560 569 3623 neighbouring
584 3563 691 3621 iactata,
707 3563 774 3622 haee,
786 3563 904 3624 perfusa:
922 3576 951 3610 so
968 3575 989 3609 11
1008 3562 1056 3610 tte
1073 3563 1158 3611 amaia
1176 3561 1216 3611 for
1233 3565 1353 3624 0111011119,

149 3645 196 3697 919
207 3645 356 3693 animaliha’
366 3645 406 3693 lor
414 3646 547 3693 animalia.
576 3646 675 3692 inclusa
685 3645 779 3693 theatri
788 3645 900 3702 Moenia,
911 3643 955 3693 the
964 3644 1031 3706 vulg.
1043 3642 1156 3706 reading,
1167 3643 1215 3693 has
1222 3659 1258 3694 no
1268 3660 1353 3696 sense.

147 3733 255 3787 ahyiata
273 3727 366 3774 theatri
383 3727 486 3774 Moenia
502 3724 582 3774 Lech.
600 3724 684 3773 which
701 3724 724 3773 is
740 3729 861 3788 contrary
878 3728 905 3774 to
922 3724 967 3774 the
983 3724 1065 3775 truth.
1191 3726 1222 3776 91
1241 3728 1353 3789 dr'ffarae

147 3809 218 3856 retas
229 3806 282 3855 AB.
315 3805 406 3855 Iamb.
419 3805 468 3855 has
478 3805 573 3868 rightly
584 3804 666 3855 added
677 3822 689 3854 e
696 3824 703 3866 ;
721 3805 773 3855 and
786 3807 816 3856 92
827 3805 861 3854 he
872 3805 921 3855 has
932 3806 987 3856 also
999 3805 1096 3869 rightly
1109 3805 1187 3868 given
1200 3808 1354 3860 iatriaaoeaa

147 3888 186 3937 for
203 3891 369 3937 extrinsecas:
391 3902 419 3936 so
436 3901 463 3935 vr
481 3887 543 3939 1099
561 3890 711 3936 intrinsecas
726 3887 749 3936 Δ
766 3888 806 3936 for
822 3890 984 3940 eatriasecas.
1101 3889 1133 3939 94
1151 3896 1231 3938 caorte
1248 3889 1281 3950 B,
1298 3890 1316 3941 i.
1327 3906 1351 3942 e.

146 3978 242 4019 coortae
248 3989 258 4028 ;
281 3967 333 4018 and
349 3983 377 4018 so
391 3968 481 4017 Lamb.
499 3968 537 4019 ed.
555 3970 579 4018 9.
595 3976 679 4017 coorta
694 3970 725 4018 A.
759 3984 811 4031 aaa
828 3970 979 4019 contradant
996 3969 1041 4018 AB
1061 3973 1131 4019 most
1150 3971 1278 4034 properly.
1298 3987 1352 4035 qua

146 4053 295 4102 contradant
312 4050 382 4100 Nico.
398 4049 451 4099 and
467 4050 503 4099 all
519 4064 581 4099 mss.
593 4049 646 4098 and
662 4049 715 4101 eds.
729 4049 841 4098 between
858 4049 914 4098 him
934 4049 987 4099 and
1005 4049 1098 4100 Iiach.:
1117 4051 1149 4102 91
1167 4052 1263 4113 aalma
1279 4068 1301 4112 e,
1318 4055 1353 4105 92

146 4133 293 4182 extritaeca’
311 4139 381 4191 torte,
400 4133 431 4182 94
447 4140 532 4181 coorta
548 4130 628 4181 Lech.
646 4131 732 4181 whose
748 4131 917 4193 explanation
938 4132 961 4181 is
982 4137 1051 4182 most
1072 4131 1167 4182 forced.
1301 4136 1352 4187 101

147 4215 261 4274 Extima,
285 4214 438 4274 imaginibus
461 4211 510 4261 Ed.
530 4213 570 4261 ior
587 4214 629 4261 Ea
648 4213 814 4273 imaginihra:
838 4211 882 4260 the
902 4212 982 4261 scribe
1001 4212 1133 4274 neglected
1152 4216 1180 4262 to
1197 4219 1287 4276 repeat
1305 4215 1354 4266 the

145 4299 206 4345 iata.
240 4298 336 4345 Eccita
355 4297 508 4358 imaginibus
526 4293 605 4345 Laoh.
641 4296 704 4342 Esse
721 4296 750 4343 ia
766 4296 919 4354 imaginihus
935 4294 1031 4344 Avanc.
1045 4295 1155 4356 Nauger.
1169 4294 1263 4345 Iamb.
1279 4296 1352 4361 vulg.

146 4376 255 4428 without
271 4375 399 4438 meaning.
433 4375 707 4426 attoariarum.
741 4390 823 4425 reram
839 4374 919 4426 Lech.
934 4375 974 4423 ior
991 4390 1124 4435 eoram‚as
1140 4376 1169 4425 in
1186 4376 1227 4426 ts.
1263 4393 1352 4429 aarum
