2834 4792
648 121 698 186 IV

165 289 199 345 et
223 280 344 346 variare
366 281 438 346 viae
459 282 594 367 proinde
616 304 654 346 ac
676 290 808 347 textura
829 291 962 349 coercet.

166 384 226 448 boc
248 384 305 449 ubi
327 384 414 471 quod
436 407 535 451 suave
558 395 608 451 est
630 385 703 450 aliis
724 386 797 450 aliis
819 387 858 450 fit
879 409 1036 464 amarum,

166 487 222 565 illi,
245 487 298 553 cui
320 511 418 554 suave
441 497 500 565 est,
523 489 684 554 levissima
706 511 836 574 corpora
858 489 980 554 debent

166 590 442 656 contractabiliter
463 592 571 657 caulas
592 591 714 657 intrare
736 592 847 677 palati,

167 703 202 758 at
224 703 336 758 contra
357 694 476 779 quibus
498 703 547 759 est
570 695 683 759 eadem
705 717 757 759 res
779 695 869 760 intus
890 696 1014 771 acerba,

167 819 279 883 aspera
302 797 456 862 nimirum
478 806 652 883 penetrant
674 798 870 884 hamataque
893 800 1007 864 fauces.

167 923 252 965 nunc
276 901 369 965 facile
392 910 442 966 est
465 925 504 966 ex
527 900 578 966 bis
599 901 696 965 rebus
719 924 906 988 cognoscere
929 925 1084 988 quaeque.

168 1004 289 1090 quippe
311 1005 369 1069 ubi
391 1006 444 1069 cui
466 1005 563 1070 febris
586 1004 644 1070 bili
667 1014 839 1090 superante
862 1015 970 1070 coorta
992 1014 1042 1071 est

168 1117 226 1172 aut
247 1108 312 1172 alia
333 1109 458 1173 ratione
480 1109 620 1194 aliquast
643 1109 692 1173 vis
716 1110 822 1174 excita
844 1110 956 1187 morbi,
1096 1179 1099 1183 ,
1220 1111 1279 1189 665
1298 1120 1353 1184 Ξ
1367 1098 1406 1161 ὃ

168 1211 378 1295 perturbatur
399 1211 446 1276 ibi
469 1211 534 1276 iam
557 1220 663 1276 totum
687 1235 801 1298 corpus
824 1222 858 1277 et
880 1235 992 1277 omnes

168 1326 410 1379 commutantur
432 1315 478 1380 ibi
500 1316 663 1401 positurae
686 1316 937 1401 principiorum3

168 1418 207 1482 fit
230 1419 319 1504 prius
341 1419 383 1483 ad
405 1441 535 1483 sensum
557 1427 592 1483 ut
615 1441 697 1503 quae
720 1441 851 1504 corpora
872 1419 1109 1484 conveniebant

169 1543 255 1585 nuno
277 1544 341 1585 non
364 1521 567 1597 conveniant,
588 1530 622 1585 et
645 1529 752 1585 cetera
773 1521 840 1585 sint
862 1521 966 1608 magis
988 1530 1076 1607 apta,

170 1645 252 1707 quae
274 1633 446 1709 penetrata
468 1632 594 1709 queunt
616 1647 746 1688 sensum
769 1624 959 1711 progignere
982 1623 1158 1704 acerbum;
1223 1626 1413 1705 6700<

169 1735 307 1811 utraque
331 1727 418 1791 enim
441 1736 518 1792 sunt
542 1727 576 1791 in
599 1728 704 1791 mellis
726 1727 901 1792 commixta
923 1749 1055 1812 sapore;

171 1828 203 1893 id
227 1829 312 1914 quod
335 1829 400 1894 iam
423 1853 539 1916 supera
562 1830 623 1895 tibi
646 1853 741 1916 saepe
764 1829 964 1895 ostendimus
986 1838 1071 1894 ente.

213 1934 310 1999 Nunc
332 1957 392 2022 age
416 1959 479 2022 quo
501 1945 595 2022 pacto
617 1934 704 2000 naris
726 1935 872 2000 adiectus
895 1934 999 1999 odoris

170 2046 286 2123 tangat
307 2060 410 2123 agam.
455 2039 596 2124 primum
618 2061 668 2103 res
691 2039 811 2102 multas
833 2059 903 2102 esse
926 2046 1087 2101 necessest

171 2141 256 2205 unde
280 2142 383 2207 fluens
406 2143 512 2207 volvat
536 2141 643 2206 varius
666 2165 699 2206 se
722 2141 840 2206 fluetus
862 2141 1004 2218 odorum,
1223 2140 1329 2223 6753
1366 2155 1413 2188 '¹

170 2253 204 2308 et
226 2244 325 2310 fluere
349 2255 383 2310 et
405 2247 494 2310 mitti
517 2246 610 2331 volgo
632 2244 803 2331 spargique
826 2245 1060 2330 putandumst;

173 2370 284 2412 verum
308 2348 379 2414 aliis
401 2350 484 2413 alius
507 2349 609 2433 magis
631 2358 680 2413 est
703 2349 928 2414 animantibus
950 2357 1047 2435 aptus

170 2449 335 2515 dissimilis
357 2461 487 2537 propter
510 2454 633 2516 formas.
679 2451 814 2537 ideoque
837 2474 895 2537 per
917 2473 1011 2516 aluus

169 2554 273 2618 mellis
295 2578 371 2640 apes
394 2557 540 2641 quamvis
562 2556 656 2643 longe
678 2556 843 2619 ducuntur
864 2556 969 2633 odore,

171 2658 365 2744 volturiique
388 2660 603 2724 cadaveribus.
638 2668 708 2724 tum
732 2659 807 2723 fissa
830 2660 968 2723 ferarum
1222 2640 1417 2724 68003‘

170 2763 377 2849 ungulaque
400 2764 512 2828 tulerit
534 2786 679 2850 gressum
702 2763 857 2848 promissa
879 2785 996 2827 canum
1019 2762 1068 2827 vis

172 2865 270 2942 ducit,
294 2876 327 2930 et
351 2866 529 2931 humanum
554 2868 647 2952 louge
670 2867 848 2952 praesentit
871 2867 1000 2931 odorem
1111 2860 1115 2865 ’

173 2969 417 3034 Romulidarum
441 2971 521 3034 arcis
543 2979 686 3034 servator
708 2969 864 3034 candidus
887 2991 987 3034 anser.

170 3071 214 3135 sic
237 3072 309 3136 aliis
331 3073 413 3136 alius
436 3074 527 3137 nidor
549 3073 646 3137 datus
668 3072 708 3136 ad
732 3094 791 3135 sua
813 3093 974 3156 quemque

172 3174 291 3259 pabula
313 3174 404 3239 ducit
426 3184 460 3239 et
482 3198 502 3238 a
525 3183 629 3239 taetro
650 3175 773 3238 resilire
797 3196 919 3238 veneno
1223 3177 1282 3255 685
1305 3162 1408 3240 25

173 3277 267 3362 cogit,
290 3299 391 3362 eoque
414 3276 508 3340 modo
530 3286 700 3341 servantur
721 3277 825 3340 saecla
848 3277 995 3340 ferarum.
1171 3264 1173 3267 ¹

217 3381 281 3445 Hie
304 3382 380 3446 odor
402 3382 470 3466 ipse
493 3382 602 3468 igitur,
625 3380 711 3444 naris
734 3380 929 3465 quicumque
952 3377 1088 3455 lacessit,

173 3496 222 3548 est
244 3484 307 3549 alio
330 3494 368 3549 ut
391 3485 491 3571 possit
514 3483 661 3570 permitti
684 3483 812 3570 longius
833 3483 936 3561 alter3

172 3588 229 3652 sed
252 3598 361 3653 tamen
385 3589 472 3652 haud
494 3589 665 3673 quisquam
689 3598 757 3650 tam
781 3586 874 3671 longe
898 3586 1000 3649 fertur
1022 3606 1131 3649 eorum

173 3712 269 3778 quam
292 3693 425 3770 sonitus,
449 3715 546 3777 quam
571 3715 639 3766 vox,
661 3690 758 3754 mitto
781 3689 846 3753 iam
868 3689 974 3753 dicere
997 3710 1095 3774 quam
1117 3711 1169 3754 res
1223 3690 1287 3772 690
1333 3671 1415 3730 O

86 3888 178 3944 aretque
184 3883 271 3945 figura
282 3879 374 3930 Lamb.
386 3879 425 3929 ed.
439 3883 461 3929 3.
591 3878 639 3927 668
650 3885 679 3927 ut
690 3876 772 3926 added
784 3877 817 3940 by
828 3877 896 3927 Flor.
911 3877 942 3924 31
955 3875 1044 3925 Camb.
1056 3875 1123 3926 Mar.
1161 3879 1195 3927 Ut
1205 3877 1284 3930 Lech.
1364 3871 1413 3901 “¹

85 3962 126 4011 for
137 3965 188 4013 Fit.
338 3961 444 4013 671672
457 3960 536 4009 Laoh.
549 3958 781 4022 placeaafter662.
814 3959 931 4019 Bernays
943 3971 1066 4019 supposes
1078 3970 1150 4006 some
1161 3962 1287 4009 rerseato
1362 3932 1415 3975 ο

85 4042 151 4094 have
161 4045 226 4094 been
238 4045 289 4094 lost
300 4043 385 4093 before
396 4042 483 4104 them;
496 4043 509 4090 I
519 4041 637 4091 followed
648 4040 704 4089 him
715 4040 743 4088 in
755 4054 799 4103 my
811 4039 886 4088 small
897 4038 937 4088 ed.
946 4037 993 4087 but
1005 4052 1064 4087 now
1074 4036 1172 4088 believe
1182 4039 1289 4091 thureis

87 4140 121 4174 no
135 4125 238 4176 hiatusz
256 4140 297 4175 see
308 4129 383 4174 notes
394 4126 418 4173 2.
561 4125 609 4173 680
623 4123 780 4183 Volcanique
792 4121 868 4171 Pont,
882 4119 939 4168 Ald.
953 4119 967 4167 1
979 4119 1020 4168 for
1033 4120 1190 4183 Volturiquc.
1230 4122 1287 4170 Vul·

89 4208 201 4269 tortique
213 4206 279 4255 Mar.
292 4206 365 4256 Junt.
467 4204 514 4254 681
522 4207 653 4267 promisso.
666 4202 789 4265 permissa
801 4201 914 4250 Gronov.
926 4197 1006 4250 Laoh.
1044 4201 1289 4264 ‘pmiaruv.[notA

85 4287 211 4351 orB]i.e.
224 4285 740 4350 permissaie.immissa,concitata'1s.
753 4283 926 4344 Vosainms.
938 4285 1022 4332 notes.
1140 4284 1287 4336 682Duct't.
1390 4282 1400 4295 ⁴

1359 4014 1415 4062 ἢ

1375 4191 1407 4218 )
