2804 4786
698 249 747 313 VI

205 402 368 501 intellegit
390 412 436 478 ibi
459 411 577 478 vitium
599 434 656 476 vas
678 411 801 477 officere
823 411 931 496 ipsum

204 518 376 603 omniaque
399 516 487 581 illius
509 516 589 580 vitio
611 516 808 600 corrumpier
830 515 920 579 intus

203 643 286 705 quae
308 619 436 684 conlata
457 619 533 684 foris
555 628 590 684 et
611 617 777 683 commoda
798 639 938 702 cumque
963 617 1132 696 venirent3

204 723 322 808 partim
346 721 432 808 quod
454 721 579 785 fluxum
603 729 836 806 pertusumque
859 741 928 785 esse
950 719 1094 794 videbat,

205 836 242 890 ut
265 825 354 889 nulla
375 833 484 910 posset
506 824 632 888 ratione
655 823 813 908 explerier
834 844 991 909 umquam
1002 846 1010 902 ;

205 928 324 1014 partim
346 927 433 1013 quod
455 937 561 993 taetro
583 927 675 1014 quasi
698 949 907 1013 conspurcare
929 949 1043 1013 sapore

205 1033 313 1099 omnia
334 1033 495 1111 cernebat,
518 1055 741 1119 quaecumque
762 1041 936 1118 receperat,
958 1032 1057 1097 intus.

205 1137 353 1203 veridicis
374 1137 476 1223 igitur
498 1136 651 1224 purgavit
673 1147 803 1223 pectora
824 1137 922 1202 dictis

205 1249 240 1305 et
261 1240 360 1305 finem
382 1240 501 1304 statuit
522 1239 714 1326 cuppedinis
736 1249 834 1324 atque
857 1239 982 1304 timoris

205 1344 418 1429 exposuitque
441 1343 562 1409 bonum
586 1365 837 1429 summumque
860 1343 1025 1407 tendimus
1046 1364 1160 1407 omnes

98 1502 106 1514 .
205 1447 284 1533 quid
306 1447 398 1526 foret,
420 1457 520 1533 atque
542 1446 627 1512 viam
651 1448 854 1524 monstravit,
875 1446 1008 1511 tramite
1030 1467 1130 1530 parvo

206 1572 270 1636 qua
291 1572 458 1636 possemus
480 1550 522 1615 ad
545 1550 578 1615 id
600 1559 688 1616 recto
710 1550 903 1615 contendere
926 1572 1030 1625 cursu,

205 1654 323 1740 quidve
345 1655 423 1719 mali
446 1656 528 1720 foret
549 1655 585 1719 in
607 1655 703 1720 rebus
726 1654 909 1719 mortalibu'
931 1654 1060 1740 passim,

205 1757 291 1843 quod
312 1757 406 1823 fieret
428 1759 570 1824 naturali
592 1758 744 1844 varieque
767 1759 891 1824 volaret

205 1882 263 1925 seu
286 1882 361 1924 casu
384 1882 441 1925 seu
466 1861 509 1937 vi,
531 1861 618 1947 quod
640 1861 686 1925 sio
707 1870 827 1926 natura
848 1869 1002 1946 parasset,

205 1971 239 2028 et
262 1963 379 2049 quibus
402 1986 419 2028 e
441 1964 544 2049 portis
566 1965 688 2029 occurri
710 1964 829 2050 cuique
851 1964 990 2040 decoret,

206 2075 240 2132 et
262 2089 365 2152 genus
387 2067 565 2131 humanum
588 2067 708 2132 frustra
729 2068 920 2153 plerumque
942 2066 1093 2152 probavit

206 2169 331 2234 volvere
354 2192 503 2234 curarum
526 2170 630 2236 tristis
652 2171 687 2235 in
709 2179 838 2256 pectore
861 2169 989 2234 fluctus.

205 2295 281 2336 nam
303 2273 406 2337 veluti
428 2273 521 2359 pueri
544 2273 710 2358 trepidant
731 2281 832 2359 atque
854 2271 963 2338 omnia
985 2272 1088 2337 caecis

205 2377 240 2440 in
262 2376 404 2442 tenebris
426 2385 588 2454 metuunt,
610 2376 655 2441 sic
677 2398 735 2441 nos
757 2376 792 2440 in
815 2376 887 2441 luce
910 2376 1064 2441 timemus

205 2479 378 2558 interdum,
400 2481 466 2546 nilo
489 2503 572 2567 quae
594 2489 672 2546 sunt
694 2480 871 2545 metuenda
894 2479 998 2567 magis
1020 2501 1119 2565 quam

205 2606 287 2669 quae
310 2585 402 2670 pueri
425 2583 625 2649 intenebris
648 2583 797 2669 pavitant
820 2583 1014 2669 finguntque
1038 2583 1158 2648 futura.

206 2686 291 2750 hunc
313 2686 415 2772 igitur
437 2697 591 2752 terrorem
613 2686 715 2751 animi
737 2687 952 2771 tenebrasque
974 2694 1137 2751 necessest

206 2812 270 2853 non
292 2790 374 2854 radii
396 2790 471 2855 solis
492 2813 552 2856 nec
574 2791 681 2855 lucida
705 2791 770 2855 tela
791 2790 859 2855 diei
1019 2874 1021 2878 Α

206 2892 391 2970 discutiant,
414 2895 470 2958 sed
492 2903 628 2958 naturae
650 2893 772 2979 species
794 2893 950 2978 ratioque.

205 3018 269 3082 quo
291 2998 394 3084 magis
416 2997 584 3084 inceptum
606 3020 741 3084 pergam
762 3005 931 3083 pertexere
953 2995 1057 3061 dictis.

249 3100 292 3164 Et
315 3101 467 3186 quoniam
489 3101 584 3166 docui
606 3101 721 3165 mundi
743 3101 894 3166 mortalia
914 3101 1039 3186 templa

205 3224 274 3268 esse
297 3213 326 3269 et
347 3203 457 3269 nativo
480 3205 654 3268 consistere
676 3226 806 3289 corpore
829 3204 964 3280 caelum,

118 3425 248 3472 contracta
259 3422 303 3472 the
314 3425 365 3474 two
376 3439 459 3474 verses
470 3424 527 3475 into
538 3439 596 3484 one,
607 3424 670 3475 thus
683 3428 765 3489 Atque
781 3426 892 3475 animum
906 3426 1007 3487 insertis
1022 3427 1078 3487 eoyi
1092 3426 1187 3474 seruire
1202 3425 1328 3487 querelis:

118 3506 210 3553 seruire
226 3504 282 3554 also
295 3505 353 3556 Ver.
366 3505 430 3556 Van.
443 3506 509 3556 Mar.
522 3506 580 3557 ΔΜ.
594 3509 608 3556 1
624 3507 698 3556 Junt.
733 3509 843 3557 Causam
857 3521 921 3570 quoe
939 3506 1037 3557 Avanc.
1054 3506 1166 3568 Nauger.
1182 3505 1222 3556 for
1237 3508 1328 3557 Pauca

119 3593 202 3650 atque.
302 3588 333 3640 17
344 3603 389 3637 vor
401 3589 466 3639 Mar.
478 3588 537 3638 Ald.
550 3589 647 3638 llant.
659 3588 760 3651 forfar.
860 3587 1199 3652 tfieuppedr'airarightly,
1214 3590 1327 3651 asv45;

119 3667 171 3716 and
187 3681 216 3717 so
232 3668 360 3719 Marullus
373 3668 401 3718 in
416 3685 495 3732 marg.
510 3670 539 3719 of
551 3670 606 3720 cod
622 3669 718 3719 Victor.
731 3669 851 3733 properly
861 3673 984 3720 correcta:
1001 3667 1157 3719 Lactantius
1167 3668 1232 3719 inst.
1242 3683 1283 3718 vrr
1294 3671 1327 3721 tv

118 3747 167 3798 has
189 3752 335 3814 torpedinis,
358 3751 424 3801 from
447 3750 532 3801 whom
553 3751 620 3800 Mar.
641 3751 766 3814 probably
787 3754 832 3813 got
854 3751 897 3800 hia
919 3751 977 3801 first
998 3749 1090 3801 notion
1111 3749 1265 3801 mentioned
1292 3750 1328 3815 by

119 3829 255 3883 Gitanius:
273 3846 315 3882 see
326 3846 354 3881 n.
366 3836 394 3882 to
405 3847 438 3881 111
449 3833 512 3884 994:
529 3832 618 3882 unless
628 3831 662 3881 he
672 3831 760 3881 rather
771 3831 847 3880 when
858 3846 945 3894 young
957 3829 1060 3882 derived
1067 3830 1089 3880 it
1097 3830 1165 3880 from
1173 3829 1216 3879 his
1224 3834 1327 3882 master

118 3911 253 3964 Pantanus
264 3913 322 3964 who
333 3916 463 3978 expressly
473 3919 547 3966 notes
561 3916 715 3978 ‘torpedinis
726 3917 766 3964 est
777 3913 847 3976 apud
856 3913 1026 3964 Lactantium
1035 3915 1051 3962 ’.
1173 3913 1205 3963 27
1223 3915 1327 3963 mamito

114 4009 205 4056 parvo.
239 3999 338 4046 tramite
348 4012 426 4060 prono
436 3997 528 4048 Lamb.
541 3998 621 4046 limite
627 4011 707 4059 prono
719 3995 795 4045 Junt.
807 3994 960 4057 apparently
971 3994 1038 4044 after
1048 3991 1204 4043 Lactantius
1214 3991 1279 4044 inst.
1286 4007 1326 4044 vrr

118 4077 158 4128 27.
192 4077 272 4128 Laeh.
284 4079 381 4144 rightly
390 4080 459 4144 J'oins
471 4084 572 4131 comite
580 4094 661 4144 parvo
672 4078 736 4128 with
747 4078 818 4128 what
830 4077 937 4127 lollows.
1020 4075 1325 4126 cereostatarum

117 4155 185 4206 Flor.
199 4158 230 4206 31
242 4159 332 4210 camb.
344 4161 416 4210 Mon.
428 4162 548 4212 Lactant.
559 4161 599 4210 for
610 4167 687 4210 recta.
784 4160 817 4209 30
826 4159 903 4222 fieret
914 4157 967 4208 Iac.
979 4156 1071 4208 Sosius
1077 4155 1324 4218 inTonson,Iraoh.

117 4237 157 4288 for
169 4240 260 4301 suerit.
288 4244 381 4305 flueret
392 4243 457 4294 Mar.
470 4242 527 4292 md.
541 4242 555 4291 l
571 4242 644 4291 Junt.
658 4239 727 4304 vulg.
760 4240 885 4289 naturali.
917 4246 1024 4288 aarum
1038 4238 1066 4288 ui
1079 4235 1171 4289 Lamb.
1207 4237 1325 4287 naturali

117 4321 258 4384 virentque
270 4322 405 4373 Mantld.
418 4326 432 4374 1
444 4325 517 4374 Jnnt.
608 4324 639 4372 31
651 4337 719 4372 earu.
753 4319 921 4371 cauroLach.
1012 4319 1044 4367 33
1061 4320 1098 4368 Et
1109 4319 1200 4381 quibua
1211 4317 1282 4368 Flor.
1291 4318 1322 4366 31

116 4403 205 4457 Gamb.
221 4405 296 4457 Pont.
311 4405 376 4456 Mar.
388 4407 429 4456 for
439 4409 464 4456 Ε
475 4409 572 4469 quibos.
639 4405 671 4454 34
685 4405 786 4454 Volvere
798 4402 857 4452 Ver.
869 4401 932 4453 Ven.
943 4400 1060 4451 Mentor
1074 4400 1186 4468 Volnera.
1256 4399 1289 4448 44
1299 4407 1325 4449 et
