2834 4792
659 215 715 280 111

153 379 203 443 vis
225 377 335 455 animi,
355 376 420 442 nisi
442 377 504 443 erit
526 400 655 443 consors
677 377 711 441 in
733 377 857 465 origine
880 377 1010 464 prima?

155 482 274 568 quidve
296 481 379 546 foras
401 480 464 546 sibi
486 482 557 546 vult
581 481 734 546 membris
757 483 845 547 exire
868 482 1033 548 senectisl

155 607 197 648 an
220 583 340 649 metuit
362 583 510 648 conclusa
532 605 662 648 manere
685 583 720 647 in
743 604 872 669 corpore
896 584 986 669 putri

156 696 190 753 ot
212 688 326 753 domus
348 686 467 753 aetatis
488 687 594 774 spatio
615 709 657 752 ne
679 687 762 752 fessa
783 695 913 753 vetusto
1159 718 1168 745 ο

157 792 296 858 obruat?
325 800 361 856 at
381 814 446 856 non
469 799 547 856 sunt
568 791 745 856 immortali
767 790 834 856 ulla
855 792 985 877 pericla.
1213 807 1273 875 775

200 895 351 980 Denique
374 895 511 961 conubia
533 895 574 960 ad
596 894 732 960 Veneris
753 904 931 981 partusque
955 897 1093 961 ferarum

159 1022 227 1065 esse
249 1000 375 1066 animas
396 1008 525 1086 praesto
548 999 761 1065 deridiculum
785 1022 855 1065 esse
878 1000 1016 1077 videtur,

160 1113 330 1189 expectare
352 1103 543 1168 immortalis
566 1103 716 1169 mortalia
738 1103 883 1168 membra

159 1207 328 1272 innumero
350 1228 484 1271 numero
506 1214 691 1292 certareque
714 1215 999 1292 praeproperanter

159 1311 245 1376 inter
267 1333 301 1375 se
323 1333 406 1396 quae
427 1309 534 1396 prima
555 1310 787 1396 potissimaque
809 1310 1011 1390 insinuetur3
1215 1312 1280 1391 780

161 1415 188 1479 si
210 1437 274 1479 non
297 1415 378 1479 forte
400 1413 450 1479 ita
471 1421 548 1479 sunt
571 1413 753 1478 animarum
776 1413 903 1478 foedera
925 1421 1020 1498 pacta

162 1526 200 1583 ut
223 1539 305 1602 quae
327 1516 432 1602 prima
454 1515 565 1579 volans
588 1515 756 1581 advenerit
778 1515 963 1581 insinuetur

161 1621 267 1707 prima
288 1641 394 1705 neque
416 1618 503 1683 inter
525 1640 559 1683 se
582 1617 779 1683 contendant
801 1619 925 1684 viribus
948 1620 1059 1685 hilum.

205 1723 355 1809 Denique
376 1721 412 1786 in
434 1721 565 1787 aethere
587 1743 652 1786 non
674 1721 777 1797 arbor,
800 1744 865 1786 non
887 1745 1026 1808 aequore
1048 1723 1084 1787 in
1106 1724 1172 1789 alto

162 1827 266 1892 nubes
289 1849 357 1891 esse
380 1833 506 1912 queunt
528 1847 587 1890 neo
609 1825 713 1911 pisces
734 1825 842 1891 vivere
864 1826 900 1890 in
922 1827 1007 1892 arvis
1217 1829 1278 1909 785

161 1952 222 1994 nec
243 1950 336 1993 cruor
357 1927 393 1992 in
414 1927 511 2015 lignis
533 1949 639 2013 neque
661 1927 746 1992 saxis
769 1950 864 1992 sucus
887 1928 999 1994 inesse.

161 2041 287 2099 certum
309 2054 346 2097 ac
368 2031 593 2118 dispositumst
615 2032 672 2097 ubi
695 2032 842 2119 quicquit
864 2042 986 2099 crescat
1009 2043 1043 2099 et
1065 2033 1150 2099 insit.

162 2138 209 2203 sic
232 2137 332 2203 animi
354 2146 473 2201 natura
493 2137 609 2223 nequit
631 2137 701 2201 sine
723 2159 852 2223 corpore
875 2138 950 2203 oriri

164 2242 232 2307 sola
253 2264 359 2328 neque
380 2264 400 2306 a
422 2241 529 2306 nervis
551 2249 587 2306 et
608 2240 766 2328 sanguine
789 2241 928 2328 longiter
952 2265 1028 2307 esse.

164 2347 251 2432 quod
274 2346 302 2410 si
324 2347 446 2431 (posset
470 2345 556 2410 enim
580 2345 685 2409 multo
706 2345 810 2431 prius)
832 2346 902 2431 ipsa
924 2345 1025 2410 animi
1049 2345 1099 2410 vis
1220 2360 1284 2427 790

163 2450 199 2514 in
221 2449 328 2535 capite
349 2457 408 2514 aut
430 2449 551 2513 umeris
573 2456 631 2513 aut
653 2448 728 2512 irnis
750 2448 891 2513 calcibus
914 2470 983 2513 esse

165 2561 273 2640 posset
295 2562 329 2618 et
351 2552 475 2617 innasci
499 2552 612 2638 quavis
633 2552 669 2616 in
691 2562 793 2638 parte,
815 2553 933 2617 soleret

166 2658 299 2723 tandem
321 2658 355 2721 in
378 2657 491 2722 eodem
514 2656 645 2721 homine
667 2664 767 2742 atque
789 2657 824 2720 in
847 2655 960 2721 eodem
983 2677 1057 2720 vase
1081 2676 1218 2719 manere.

167 2760 427 2847 quodquoniam
450 2767 560 2824 nostro
583 2782 710 2846 quoque
733 2767 860 2824 constat
882 2781 1012 2844 corpore
1035 2767 1160 2822 certum

168 2863 425 2949 dispositumque
448 2862 578 2928 videtur
600 2863 657 2927 ubi
680 2885 748 2927 esse
771 2872 806 2927 et
828 2884 968 2927 crescere
991 2861 1092 2947 possit
1224 2874 1285 2944 795
1312 2928 1315 2932 Α

169 2988 291 3030 sorsum
313 2966 423 3031 anima
443 2973 543 3051 atque
565 2965 701 3043 animus,
724 2974 816 3031 tanto
838 2966 942 3052 magis
964 2965 1172 3031 infitiandum

169 3078 276 3133 toturn
299 3090 391 3155 posse
413 3075 506 3133 extra
527 3089 642 3153 eorpus
664 3068 779 3133 durare
801 3071 948 3155 genique.

169 3193 276 3258 quare,
298 3193 412 3255 corpus
432 3170 491 3235 ubi
513 3170 648 3246 interiit,
670 3171 802 3257 periisse
825 3179 987 3237 necessest

172 3276 344 3341 confiteare
366 3275 508 3340 animam
531 3275 720 3340 distractam
743 3276 930 3362 incorpore
954 3284 1031 3341 toto.

172 3380 291 3466 quippe
314 3379 436 3445 etenim
459 3379 595 3444 mortale
617 3389 749 3445 aeterno
771 3380 906 3467 iungere
930 3388 964 3444 et
987 3402 1054 3444 una
1227 3381 1292 3444 800

172 3481 352 3547 consentire
374 3489 490 3568 putare
515 3491 549 3547 et
572 3481 664 3568 fungi
687 3490 803 3546 mutua
824 3505 916 3568 posse

171 3585 366 3671 desiperest;
396 3585 474 3671 quid
497 3585 585 3650 enirn
607 3584 765 3651 diversius
788 3609 856 3652 esse
880 3587 1098 3671 putandumst

114 3744 150 3802 lto.
181 3757 247 3805 salso
261 3753 341 3805 Lach.
360 3753 469 3804 because
486 3756 551 3803 salso
569 3753 592 3804 is
608 3755 689 3805 found
705 3755 734 3804 in
751 3754 796 3805 the
811 3755 950 3819 repetition
966 3757 995 3806 of
1010 3755 1064 3805 this
1079 3769 1186 3817 passage
1203 3755 1294 3804 v128:

114 3833 139 3882 ut
148 3850 174 3885 as
184 3837 260 3886 Lucr.
273 3851 303 3886 so
314 3836 387 3886 often
398 3836 481 3886 varies
498 3835 525 3885 in
542 3836 606 3886 such
620 3837 716 3901 points,
733 3837 746 3886 Ι
761 3841 857 3887 cannot
873 3837 949 3899 bring
965 3837 1058 3901 mysell
1074 3841 1102 3886 to
1118 3837 1212 3899 depart
1229 3836 1296 3885 from

114 3913 137 3966 he
145 3933 204 3968 mss.
335 3919 384 3969 789
397 3920 503 3981 maara
513 3918 604 3970 Lamb.
618 3918 698 3968 Lach.
733 3921 830 3982 longius
842 3919 877 3969 all
888 3934 952 3968 mss.
964 3918 1026 3968 here
1037 3919 1091 3969 and
1102 3935 1118 3968 v
1129 3920 1191 3967 133:
1210 3932 1293 3980 comp.

115 3997 145 4051 76.
271 3999 401 4052 790-79³
412 4015 456 4050 are
466 4000 585 4064 repeated
596 4017 611 4050 v
624 4001 752 4054 134-137
764 4000 874 4050 without
886 4001 929 4050 the
941 4015 1004 4051 mss.
1017 4000 1136 4062 diffenng
1147 3998 1176 4048 in
1187 4014 1203 4049 a
1216 3997 1298 4062 single

114 4084 173 4132 attor.
207 4082 220 4130 Ι
243 4081 330 4131 flatter
348 4081 442 4144 myself
457 4081 470 4130 Ι
486 4081 552 4132 have
568 4081 642 4131 made
658 4081 703 4131 the
719 4096 827 4145 passage
843 4082 911 4132 clear
927 4082 961 4146 by
978 4097 994 4132 a
1010 4082 1107 4131 correct
1123 4080 1296 4144 punctuation
1389 4100 1391 4105 v

114 4162 198 4214 ithout
213 4162 258 4212 the
273 4162 372 4226 change
386 4163 415 4213 of
430 4177 446 4212 a
460 4162 544 4212 word:
563 4164 611 4215 790
623 4170 707 4226 posset
722 4166 787 4213 enim
802 4166 878 4213 multo
892 4165 965 4226 potua
980 4163 994 4211 1
1009 4162 1110 4212 enoiosa
1125 4161 1153 4211 in
1168 4160 1294 4222 brackets,

114 4245 142 4295 nd
153 4243 229 4306 begin
241 4242 286 4294 the
297 4243 419 4308 spodosis
430 4247 458 4293 at
469 4245 566 4294 soleret.
599 4243 679 4294 Lach.
695 4243 756 4293 here
772 4244 823 4294 and
838 4244 866 4293 in
878 4259 894 4294 v
904 4243 980 4294 reads
998 4245 1066 4305 Quia
1080 4245 1103 4292 ri
1117 4250 1200 4307 posset
1216 4247 1300 4294 enim?

114 4329 174 4377 alto.
209 4326 275 4376 Mar.
286 4325 344 4377 ald.
360 4326 374 4375 1
387 4325 462 4377 Junt.
475 4325 543 4388 vulg.
557 4324 613 4388 give
625 4328 681 4376 Hoc
693 4329 716 4376 ai
725 4327 892 4390 pomeranica,
904 4327 989 4376 multo.
1140 4325 1188 4375 800
1199 4328 1302 4376 ommate

1108 4429 1217 4491 10-2
