2834 4792
691 230 742 295 VI

200 443 280 508 quos
302 418 411 484 miseri
433 417 578 496 eredunt,
600 417 705 503 ignari
728 416 807 503 quid
830 426 928 504 queat
952 440 1030 495 esse,

200 524 280 610 quid
302 531 451 609 nequeat,
474 521 568 587 finita
590 530 734 607 potestas
756 521 896 608 denique
917 521 1036 607 cuique

200 649 339 714 quanam
363 626 407 691 sit
429 624 548 690 rationi
569 634 668 711 atque
691 625 757 690 alte
780 626 938 690 terminus
960 627 1118 708 haerens;

201 755 265 820 quo
287 731 391 816 magis
413 739 556 795 errantes
579 752 673 794 oaeoa
695 730 820 794 ratione
843 731 1000 796 feruntur.

200 857 283 922 quae
307 834 368 898 nisi
391 832 516 918 respuis
538 855 577 896 ex
600 833 708 896 animo
730 832 890 918 longeque
911 833 1055 898 remittis

200 939 251 1004 dis
272 938 406 1023 indigna
428 948 544 1023 putare
566 936 736 1023 alienaque
758 937 846 1022 pacis
868 959 988 1015 eorum,

200 1042 345 1108 delibata
366 1041 463 1106 deum
487 1063 544 1126 per
568 1051 600 1105 te
623 1041 685 1106 tibi
708 1042 844 1107 numina
864 1051 977 1106 saneta

199 1168 295 1231 saepe
318 1145 477 1220 oberunt;
507 1167 572 1208 non
595 1167 658 1230 quo
680 1145 792 1209 violari
814 1167 941 1209 summa
963 1145 1061 1210 deum
1084 1147 1133 1211 vis

200 1248 311 1334 possit,
333 1257 371 1311 ut
394 1269 433 1310 er
456 1247 503 1309 ira
525 1268 644 1331 poenas
667 1255 777 1331 petere
800 1247 929 1312 inbibat
952 1248 1042 1324 aeris,

199 1353 256 1419 sed
278 1353 355 1439 quia
377 1359 450 1416 tute
473 1351 535 1415 tibi
557 1350 684 1437 plaeida
706 1373 780 1415 oum
802 1373 881 1436 paee
904 1352 1030 1437 quietos

199 1456 376 1523 constitues
399 1476 530 1538 magnos
553 1453 673 1517 irarum
697 1453 824 1519 volvere
846 1455 974 1532 fluetus,

200 1584 258 1626 nee
280 1559 415 1624 delubra
437 1557 533 1620 deum
557 1554 683 1641 placido
705 1578 779 1621 euin
803 1566 932 1642 pectore
954 1559 1067 1636 adibis,

198 1687 257 1729 nee
278 1662 319 1727 de
342 1682 471 1746 corpore
493 1682 576 1745 quae
598 1667 709 1723 saneto
731 1660 902 1724 simulacra
924 1661 1073 1726 feruntur

198 1769 232 1832 iu
255 1775 380 1831 mentes
404 1763 570 1827 hominum
594 1761 722 1826 divinae
745 1763 862 1828 nuntia
884 1764 1013 1841 formae,

198 1871 358 1956 suscipere
381 1869 459 1932 haec
481 1867 582 1930 animi
606 1866 783 1952 tranquilla
805 1890 883 1953 pace
906 1868 1038 1934 salebia.

199 1975 273 2041 inde
296 1974 403 2038 videre
427 1971 503 2036 licet
526 1971 630 2056 qualis
652 1969 718 2035 iarn
741 1971 810 2035 vita
832 1981 995 2058 sequatur.

198 2102 295 2167 quam
319 2077 451 2162 quidem
474 2085 513 2140 ut
535 2098 555 2138 a
577 2074 669 2138 uobis
691 2075 774 2139 ratio
797 2075 963 2141 verissima
985 2077 1078 2162 longe

197 2181 317 2257 reiciat,
340 2200 535 2264 quamquam
559 2187 636 2241 sunt
659 2201 678 2241 a
701 2200 753 2242 me
776 2179 883 2243 multa
905 2180 1057 2265 profecta,

196 2287 300 2352 multa
322 2295 431 2350 tamen
454 2293 578 2348 restant
601 2292 635 2347 et
658 2292 735 2348 sunt
758 2283 901 2348 ornanda
923 2283 1033 2369 politis

195 2390 358 2466 versibus3
388 2396 437 2452 est
460 2386 542 2450 ratio
565 2386 646 2450 caeli
668 2386 850 2472 speciesque
873 2387 1023 2465 tenenda,

195 2505 272 2559 sunt
295 2499 505 2576 tempestates
528 2499 561 2553 et
584 2489 720 2552 fulmina
742 2489 827 2553 clara
850 2490 1004 2567 canenda,

194 2597 271 2684 quid
295 2595 414 2659 farciant
437 2605 470 2657 et
493 2591 619 2678 quade
642 2615 738 2656 eausa
759 2615 897 2678 eumque
920 2595 1082 2674 ferantur;

195 2723 236 2764 ne
259 2697 401 2784 trepides
423 2695 504 2760 caeli
527 2694 639 2758 divisis
661 2695 810 2781 partibus
833 2718 953 2772 amens,

194 2801 279 2867 uude
303 2802 412 2864 volans
435 2799 519 2883 iguis
541 2799 725 2883 pervenerit
749 2806 806 2862 aut
831 2798 865 2862 in
888 2809 996 2863 utram
1019 2823 1053 2864 se

195 2905 329 2970 verterit
352 2903 427 2967 hinc
450 2903 579 2988 partim,
603 2925 666 2988 quo
688 2912 784 2988 paeto
807 2925 865 2988 per
886 2904 954 2967 loca
977 2914 1092 2989 saepta

195 3007 374 3083 insinuarit,
399 3017 433 3071 et
456 3006 531 3069 hine
554 3005 739 3069 dominatus
765 3014 800 3069 ut
823 3006 977 3070 extulerit
1000 3029 1043 3072 se.

194 3124 231 3177 tu
255 3111 335 3175 mihi
358 3131 527 3194 supremae
549 3109 746 3194 praeseribta
769 3109 810 3172 ad
834 3109 970 3173 eandida
994 3109 1089 3175 calcis

196 3213 338 3280 currenti
360 3212 502 3298 spatium
525 3220 754 3297 praemonstra,
777 3212 892 3276 callida
914 3235 1007 3276 musa

194 3318 349 3402 Calliope,
370 3316 496 3403 requies
520 3316 687 3381 hominum
711 3316 883 3403 divomque
906 3318 1064 3403 voluptas,

106 3505 150 3554 the
168 3503 269 3564 margin
288 3502 316 3550 in
333 3500 374 3549 his
392 3499 468 3549 usual
486 3498 597 3550 fasbion.
716 3499 747 3548 68
766 3501 883 3563 loupeqee
900 3499 970 3550 Nioe.
988 3501 1028 3550 for
1045 3503 1170 3564 loneique.
1203 3505 1313 3552 remittit

106 3587 174 3634 Flor.
187 3586 218 3634 31
230 3584 319 3634 Gamb.
332 3583 401 3632 Brix.
414 3582 454 3631 sor
465 3584 567 3632 remitti.
675 3582 704 3632 71
722 3584 826 3631 oberunt
839 3582 912 3632 Walr.
926 3583 965 3632 for
976 3585 1088 3633 oderent.
1122 3587 1231 3636 ederunt
1243 3587 1309 3636 Mar.

105 3666 161 3715 Ald.
176 3667 189 3713 1
201 3665 274 3714 Junt.
289 3664 381 3714 Lamb.
394 3667 442 3714 ete.
544 3664 575 3711 72
587 3678 617 3710 ee
628 3665 670 3710 ira
681 3662 746 3711 Mar.
759 3661 816 3712 Ald.
830 3664 844 3712 1
856 3663 930 3712 Junt.
944 3664 983 3712 for
994 3667 1071 3714 exire.
1171 3668 1203 3718 73
1212 3671 1309 3728 quietos

107 3748 172 3797 Mar.
185 3747 258 3795 Junt.
271 3745 311 3793 sor
322 3747 430 3806 quietus.
530 3744 561 3793 74
571 3745 667 3804 fletetue
678 3743 747 3792 Flor.
760 3745 790 3793 31
804 3743 868 3794 Mar.
881 3745 938 3794 Ald.
952 3747 965 3793 1
977 3746 1051 3794 Junt.
1064 3745 1195 3808 forfletue.

138 3829 170 3882 76
181 3830 302 3891 feruutur
313 3825 383 3874 Brir.
395 3824 453 3873 Ald.
466 3824 480 3872 1
493 3823 565 3872 Junt.
580 3823 636 3885 (not
647 3824 723 3872 Pont.
736 3838 765 3872 or
776 3824 853 3889 Mar.)
867 3825 906 3874 ior
913 3827 1028 3888 fuerunt.
1056 3828 1146 3890 serum
1159 3827 1217 3879 Ver.
1233 3829 1297 3879 Ven.

139 3913 170 3960 82
192 3917 251 3960 eunt
262 3909 385 3958 made.
418 3912 477 3955 eunt
488 3909 612 3955 toraende
623 3906 693 3955 Flor.
705 3907 736 3955 31
748 3906 861 3956 Politian
872 3907 900 3956 in
911 3922 992 3971 marg.
1005 3909 1074 3957 Flor.
1088 3910 1128 3959 29.

137 3991 168 4038 83
188 3995 225 4036 est
235 3989 303 4037 ratio
315 3988 381 4036 caeli
394 3985 480 4050 (caelis
491 3984 572 4048 Brix.)
585 3988 727 4047 speciesque
740 3989 846 4036 tenerum
856 3987 928 4036 Brix.
939 3987 1035 4036 Avano.
1043 3986 1135 4038 Lamb.
1147 3987 1185 4038 ed
1202 3989 1216 4036 1
1228 3989 1308 4039 andi

104 4072 144 4121 ior
159 4072 276 4120 caeratio
292 4071 416 4131 coelisque
433 4067 553 4116 maenae:
570 4066 615 4116 the
632 4066 713 4116 scribe
729 4067 838 4116 omitted
854 4071 934 4130 speeie
951 4069 1059 4118 beoause
1075 4070 1103 4119 of
1117 4069 1162 4120 the
1177 4071 1310 4135 following

104 4158 196 4212 equete.
232 4155 268 4197 eet
279 4149 348 4197 ratio
355 4145 474 4209 sulyeadi
485 4146 569 4210 visque
582 4147 687 4195 mandi
698 4145 777 4195 Laoh.
785 4145 869 4195 whioh
881 4160 963 4196 seems
975 4150 1002 4196 to
1014 4161 1055 4196 me
1063 4152 1132 4197 most
1140 4147 1309 4212 improbable.

104 4239 140 4281 est
151 4233 219 4280 ratio
230 4245 344 4293 simenem
355 4230 467 4291 caelique
478 4227 547 4277 Flor.
561 4229 592 4277 31
605 4227 694 4277 camb.
706 4230 721 4276 2
733 4228 792 4278 Vat.
805 4227 893 4279 lamb.
907 4229 946 4278 ed.
959 4231 982 4280 3.
1110 4230 1208 4282 85—89
1224 4232 1305 4284 Laeli

102 4314 217 4364 enoloses
228 4312 256 4361 in
268 4314 278 4376 [
290 4315 309 4375 ].
451 4311 483 4362 90
499 4310 596 4362 91:56
614 4311 688 4362 57=1
706 4312 753 4360 153
771 4311 832 4360 154:
851 4325 892 4360 see
909 4312 994 4363 above.
1032 4311 1111 4362 Laoh.
1124 4313 1223 4363 admits
1236 4314 1309 4365 thern

101 4395 168 4446 here.
245 4395 275 4445 92
288 4394 322 4442 ad
332 4393 442 4442 candide
453 4393 530 4442 eeleie
541 4391 633 4442 Lamb.
645 4392 698 4442 and
709 4391 845 4442 Turnebus
856 4393 897 4442 ior
908 4409 938 4444 ee
950 4394 1062 4443 candide
1074 4395 1162 4446 callis:
1179 4409 1196 4445 a
1208 4396 1308 4447 certain
