2834 4792
691 195 722 260 V

194 359 335 447 pulveris
356 357 488 424 exhalat
509 357 663 422 nebulam
685 356 854 444 nubesque
875 357 1015 423 volantis

192 485 273 549 quas
295 460 394 527 validi
416 470 486 526 toto
507 460 700 548 dispergunt
720 484 794 527 aere
816 462 917 530 venti.

192 564 388 652 pometiam
410 563 579 651 glebarum
601 563 643 628 ad
665 563 822 628 diluviem
843 574 1014 630 revocatur
1256 584 1274 631 2
1279 582 1293 649 5
1299 581 1313 648 5

192 668 351 732 imbribus
373 676 407 732 et
429 667 515 753 ripas
536 667 686 732 radentia
706 666 843 732 flumina
863 667 992 735 rodunt.

193 781 361 858 praeterea
382 792 439 855 pro
461 778 553 856 parte
576 791 642 846 sua,
664 770 889 857 quodcumque
911 771 977 837 alid
1000 780 1110 859 auget,

193 875 357 954 redditur3
386 885 421 938 et
442 873 594 959 quoniam
617 873 717 938 dubio
738 874 849 959 procul
872 896 941 939 esse
964 874 1096 940 videtur

193 980 397 1066 omniparens
419 978 532 1043 eadem
554 1001 662 1044 rerum
684 1001 855 1044 commune
877 980 1071 1065 sepulcrum,

193 1107 269 1171 ergo
291 1093 377 1148 terra
400 1083 462 1147 tibi
484 1082 606 1147 libatur
628 1090 662 1147 et
683 1091 780 1148 aucta
802 1082 960 1148 recrescit.
1118 1137 1120 1141 .
1257 1089 1318 1152 260

236 1186 331 1266 Quod
353 1193 507 1271 superest,
529 1207 641 1250 umore
662 1207 745 1249 novo
766 1208 855 1250 mare
877 1185 1013 1251 flumina
1034 1187 1144 1252 fontes

193 1312 319 1375 semper
340 1288 505 1354 abundare
528 1296 563 1353 et
585 1289 698 1354 latices
719 1311 851 1354 manare
873 1289 1025 1374 perennis

192 1395 239 1459 nil
261 1415 343 1479 opus
364 1403 415 1458 est
438 1392 561 1458 verbis:
591 1415 728 1479 magnus
749 1392 904 1458 decursus
925 1415 1083 1478 aquarum

192 1498 336 1584 undique
357 1497 508 1563 declarat.
538 1498 595 1562 sed
617 1498 758 1583 primum
782 1497 937 1584 quicquid
958 1499 1056 1584 aquai

192 1603 319 1668 tollitur
340 1603 374 1666 in
396 1625 587 1689 summaque
609 1602 648 1666 fit
670 1611 709 1667 ut
731 1602 778 1666 nil
801 1625 895 1666 umor
915 1602 1071 1680 abundet,
1256 1610 1311 1688 265

192 1707 311 1793 partim
334 1705 421 1792 quod
442 1705 543 1771 validi
567 1714 732 1771 verrentes
753 1728 895 1792 aequora
916 1706 1007 1771 venti

191 1809 379 1874 diminuunt
401 1807 563 1894 radiisque
586 1819 737 1874 retexens
758 1808 924 1874 aetherius
946 1809 1002 1886 sol,

191 1911 311 1998 partim
334 1911 420 1996 quod
442 1920 555 1995 supter
577 1933 635 1996 per
657 1919 760 1976 terras
781 1911 907 1976 diditur
928 1911 1050 1992 omnis;

192 2016 374 2102 percolatur
396 2015 482 2079 enim
506 2014 593 2080 virus
615 2023 765 2101 retroque
787 2023 935 2080 remanat

191 2118 342 2184 materies
365 2118 484 2182 umoris
507 2127 540 2183 et
562 2118 604 2183 ad
627 2128 726 2204 caput
748 2119 899 2184 amnibus
921 2118 1025 2184 omnis
1252 2140 1313 2203 270

191 2222 349 2299 convenit,
371 2223 446 2286 inde
468 2244 567 2308 super
588 2230 690 2287 terras
713 2222 787 2287 fluit
809 2222 940 2310 agmine
962 2223 1049 2288 dulci

191 2346 255 2410 qua
278 2323 330 2388 via
351 2332 439 2388 secta
460 2323 560 2388 semel
581 2323 705 2409 liquido
726 2324 809 2410 pede
830 2324 951 2390 detulit
972 2325 1084 2392 undas

236 2429 321 2493 Aera
342 2450 429 2491 nunc
450 2427 553 2514 igitur
575 2427 680 2492 dicam
705 2427 762 2514 qui
785 2450 914 2514 corpore
937 2436 1007 2493 teto

190 2531 472 2595 innumerabiliter
493 2530 600 2616 privas
624 2538 771 2596 mutatur
793 2531 828 2595 in
851 2531 952 2597 horas.

190 2656 316 2719 semper
338 2635 434 2710 enirn,
457 2633 682 2719 quodcumque
705 2633 779 2698 fluit
802 2635 842 2698 de
865 2634 969 2711 rebus,
991 2633 1025 2698 id
1049 2657 1144 2700 omne
1255 2656 1313 2721 275

190 2739 271 2802 aeris
294 2739 327 2801 in
351 2760 503 2823 magnum
528 2738 631 2802 fertur
653 2760 761 2818 mare;
790 2737 847 2823 qui
869 2738 932 2802 nisi
955 2747 1067 2803 contra

190 2863 320 2925 corpora
342 2840 502 2904 retribuat
525 2841 621 2906 rebus
643 2849 831 2926 recreetque
854 2840 996 2918 fluentis,

190 2944 299 3006 omnia
320 2944 384 3006 iam
409 2944 549 3007 resoluta
572 2943 677 3007 forent
699 2952 734 3007 et
756 2943 791 3006 in
813 2965 888 3007 aera
910 2966 1008 3009 versa.

191 3046 272 3110 haut
295 3045 396 3132 igitur
418 3055 521 3111 cessat
544 3046 636 3132 gigni
660 3047 700 3111 de
722 3046 819 3111 rebus
841 3055 875 3111 et
898 3047 932 3110 in
955 3069 1006 3112 res

190 3149 356 3225 reccidere,
379 3149 513 3213 adsidue
535 3148 690 3234 quoniam
712 3149 813 3214 fluere
835 3150 944 3213 omnia
966 3157 1103 3215 constat.
1252 3157 1314 3218 280

234 3251 358 3338 Largus
380 3251 460 3315 item
483 3251 601 3336 liquidi
623 3253 693 3316 fons
716 3252 857 3328 luminis,
879 3252 1043 3317 aetherius
1065 3255 1121 3330 sel

190 3354 309 3440 inrigat
331 3354 465 3418 adsidue
488 3354 613 3418 caelum
637 3355 774 3420 candore
796 3355 919 3420 recenti

190 3456 441 3543 suppeditatque
464 3480 546 3521 novo
569 3458 737 3523 confestim
760 3459 884 3523 lumine
906 3459 1025 3525 lumen.

191 3582 266 3623 nam
288 3560 427 3644 primurn
452 3559 606 3645 quicquid
629 3561 763 3647 fulgoris
786 3547 932 3647 disperiti
946 3563 986 3639 ei,

190 3686 392 3749 quocumque
415 3663 540 3728 accidit.
585 3664 618 3728 id
641 3664 717 3728 licet
740 3663 815 3729 hinc
838 3687 1027 3751 cognoscere
1048 3666 1160 3751 possis
1248 3671 1305 3748 285

190 3769 275 3854 quod
298 3767 393 3832 simul
416 3791 453 3832 ae
475 3767 618 3852 primum
641 3769 744 3832 nubes
766 3769 936 3833 succedere
959 3769 1019 3834 soli

189 3894 320 3956 coepere
343 3880 376 3936 et
399 3871 504 3936 radios
526 3870 612 3936 inter
634 3871 727 3957 quasi
748 3895 898 3958 rumpere
921 3873 1010 3950 lucis,

190 3973 352 4060 extemplo
374 3973 506 4039 inferior
528 3995 601 4058 pars
624 3973 740 4039 horum
762 3974 899 4062 disperit
921 3976 1025 4040 omnis

104 4181 195 4233 Lamb.
215 4181 254 4234 ed.
274 4183 288 4230 1
306 4181 359 4232 and
375 4184 390 4232 2
407 4183 447 4232 for
463 4185 514 4233 elit
531 4181 640 4246 rightly;
658 4183 698 4234 cd.
712 4186 728 4233 3
744 4182 777 4233 he
793 4187 904 4264 restores
920 4185 978 4234 alit.
1109 4185 1159 4235 258
1175 4187 1306 4238 Redditur.

104 4265 214 4314 Raditur
223 4265 290 4314 Mar.
301 4264 376 4314 lunt.
387 4263 478 4315 Lamb.
490 4265 567 4327 vulgo
579 4263 665 4314 before
677 4264 753 4315 Wak.
920 4267 967 4315 282
978 4267 1073 4317 receati
1083 4266 1106 4314 B
1117 4280 1183 4318 cerr.
1195 4267 1263 4321 Flor.
1278 4271 1307 4318 31

104 4345 193 4396 camb.
210 4346 282 4397 Mon.
300 4347 340 4396 for
354 4349 459 4411 receati.
575 4348 623 4397 288
640 4349 747 4412 disperit
763 4348 833 4398 Nice.
851 4349 873 4396 B
890 4363 955 4399 corr.
973 4351 1013 4399 for
1029 4351 1147 4414 disparia
1263 4353 1306 4404 281
