2834 4792
659 258 709 324 IV

178 446 270 490 mens
291 424 394 489 animi
415 423 540 512 vigilat,
561 423 625 488 nisi
647 423 734 508 quod
755 423 925 488 simulacra
947 422 1108 487 lacessunt

178 529 256 594 haec
278 528 392 594 eadem
414 537 540 594 nostros
562 529 687 594 animos
708 551 792 615 quae
814 551 888 593 cum
912 528 1092 614 vigilamus,

177 631 391 717 usqueadeo,
413 641 500 697 certe
522 641 561 697 ut
584 632 752 696 videamur
773 654 902 697 cernere
925 655 1001 697 eum
1024 654 1120 717 quem
1229 635 1293 713 760

177 735 302 800 rellicta
323 734 393 800 vita
414 735 479 799 iam
502 757 587 799 mors
610 745 644 800 et
666 743 753 799 terra
774 734 918 820 potitust.

178 837 237 902 hoc
258 837 332 903 ideo
353 838 424 902 fieri
446 839 533 925 cogit
555 847 681 914 natura,
704 838 790 924 quod
812 861 923 903 omnes

177 940 315 1025 corporis
337 940 447 1006 offecti
467 963 580 1005 sensus
602 963 660 1026 per
681 939 828 1005 membra
849 941 1020 1027 quiescunt

177 1063 235 1106 nec
257 1050 393 1128 possunt
416 1042 532 1107 falsum
555 1043 641 1107 veris
662 1042 849 1107 convincere
872 1041 976 1106 rebus.

176 1153 343 1231 praeterea
364 1146 549 1212 meminisse
571 1148 656 1211 iacet
679 1148 876 1233 languetque
899 1168 1011 1231 sopore
1227 1148 1287 1227 765

175 1269 236 1312 nec
256 1248 409 1314 dissentit
431 1271 506 1314 eum
530 1249 643 1314 mortis
665 1249 789 1334 letique
812 1248 954 1333 potitum

176 1350 241 1415 iam
263 1353 398 1438 pridem,
420 1375 517 1439 quem
541 1376 632 1418 mens
654 1353 762 1417 vivom
784 1375 818 1417 se
841 1374 970 1416 cernere
993 1350 1101 1415 credit.

177 1457 262 1541 quod
284 1466 440 1543 superest,
462 1480 527 1522 non
549 1466 599 1522 est
622 1458 741 1521 mirum
763 1457 934 1520 simulacra
956 1453 1077 1519 moveri

176 1559 387 1646 bracchiaque
409 1561 444 1626 in
465 1584 638 1626 numerum
660 1561 779 1626 iactare
803 1569 837 1624 et
859 1567 965 1624 cetera
987 1557 1151 1637 membra3

176 1685 251 1727 nam
273 1664 312 1728 fit
333 1674 373 1728 ut
395 1663 429 1728 in
451 1664 572 1729 somnis
595 1666 698 1729 facere
720 1664 780 1728 hoc
802 1663 952 1728 videatur
974 1663 1099 1748 imago,
1226 1675 1290 1742 770

177 1768 297 1854 quippe
318 1768 377 1834 ubi
398 1769 504 1854 prima
525 1769 611 1855 perit
633 1770 759 1855 alioque
782 1778 832 1833 est
854 1769 957 1832 altera
978 1775 1057 1831 nata

176 1872 251 1937 inde
273 1881 371 1950 statu,
394 1873 480 1958 prior
502 1873 554 1937 hic
575 1881 706 1959 gestum
727 1882 870 1937 mutasse
893 1872 1028 1936 videtur.

175 1975 297 2040 scilicet
318 1975 352 2040 id
374 1975 444 2040 fieri
466 1975 561 2040 celeri
582 1975 707 2040 ratione
728 1976 962 2061 putandumst:

176 2086 270 2144 tanta
290 2090 341 2145 est
363 2080 526 2144 mobilitas
549 2088 583 2144 et
606 2102 714 2144 rerum
736 2079 828 2165 copia
850 2087 943 2143 tanta

175 2188 331 2266 tantaque
353 2181 498 2246 sensibili
521 2182 634 2266 quovis
657 2190 707 2246 est
729 2190 874 2267 tempore
897 2181 931 2244 in
954 2202 1019 2243 uno
1225 2191 1285 2259 775

175 2284 267 2369 copia
288 2285 528 2370 particularum,
550 2294 590 2349 ut
610 2286 712 2370 possit
735 2285 950 2371 suppeditare.

219 2388 403 2474 [Multaque
424 2389 460 2454 in
481 2390 533 2454 his
555 2390 652 2455 rebus
674 2399 875 2475 quaeruntur
896 2390 1064 2474 multaque
1087 2387 1179 2452 nobis

175 2489 401 2570 clarandumst,
423 2492 518 2577 plane
541 2492 569 2557 si
591 2514 642 2557 res
664 2515 824 2578 exponere
846 2514 987 2557 avemus

175 2594 342 2679 quaeritur
363 2595 398 2660 in
419 2595 664 2682 primis'quare,
687 2596 773 2682 quod
795 2596 912 2680 cuique
934 2594 1034 2659 libido

175 2698 307 2775 venerit,
329 2699 493 2784 extemplo
515 2721 607 2763 mens
629 2699 750 2785 cogitet
773 2700 844 2764 eius
866 2699 900 2762 id
923 2698 1038 2783 ipsum.
1224 2697 1289 2774 780

174 2822 258 2864 anne
280 2801 481 2866 voluntatem
504 2810 648 2866 nostram
671 2802 841 2865 simulacra
863 2809 1000 2865 tuentur

174 2912 208 2968 et
230 2905 327 2969 simul
350 2927 387 2969 ac
408 2905 557 2970 volumus
578 2904 672 2969 nobis
694 2905 831 2969 occurrit
854 2905 969 2990 imago,

174 3006 202 3071 si
223 3029 320 3086 mare,
341 3008 370 3073 si
391 3016 508 3073 terrast
530 3007 625 3086 cordi,
648 3010 675 3074 si
699 3010 839 3094 denique
862 3010 1012 3074 coelum?

174 3118 351 3175 conventus
373 3110 542 3175 hominum
566 3134 716 3197 pompam
739 3112 885 3176 convivia
907 3134 1041 3197 pugnas,

174 3212 282 3278 omnia
302 3212 363 3277 sub
384 3213 524 3279 verbone
546 3223 634 3279 creat
656 3223 773 3279 natura
795 3218 977 3299 paratque?
1224 3214 1283 3294 785

173 3338 246 3380 cum
268 3316 458 3401 praesertim
481 3317 553 3381 aliis
575 3316 688 3381 eadem
711 3318 745 3381 in
768 3317 897 3403 regione
921 3318 1051 3402 locoque

173 3419 266 3504 longe
288 3419 453 3485 dissimilis
475 3421 603 3484 animus
625 3444 675 3485 res
698 3421 819 3507 cogitet
841 3419 951 3485 omnis.

172 3522 251 3608 quid
273 3545 375 3608 porro,
397 3522 432 3586 in
454 3545 625 3588 numerum
649 3526 818 3609 procedere
841 3546 915 3588 cum
938 3523 1109 3587 simulacra

171 3623 332 3688 cernimus
354 3623 389 3688 in
411 3625 530 3689 somnis
553 3634 587 3690 et
609 3626 719 3689 mollia
741 3625 885 3690 membra
908 3647 1043 3702 movere,

171 3726 282 3792 mollia
302 3727 466 3793 mobiliter
488 3751 561 3793 cum
584 3730 717 3794 alternis
739 3729 886 3795 bracchia
909 3729 1048 3793 mittunt
1222 3740 1286 3805 790

170 3840 205 3897 et
225 3840 380 3917 repetunt
402 3832 502 3897 oculis
523 3842 652 3919 gestum
675 3834 757 3918 pede
779 3833 1006 3897 convenienti?

79 4007 171 4058 Just:
188 4006 281 4058 lamb.
293 4006 473 4060 OresohWak.
488 4008 806 4071 allblundersudlyhere.
960 4002 1281 4059 761Relztctaoua13ern

79 4090 124 4140 for
144 4088 257 4139 Reddita
276 4091 341 4149 vita,
363 4088 418 4141 and
438 4090 525 4140 beloto
547 4089 604 4139 him
625 4090 660 4140 Is.
684 4090 758 4139 Voss.
776 4092 805 4139 in
821 4105 870 4140 ms.
888 4093 963 4139 notes
981 4090 1093 4138 ‘Relicta
1112 4088 1175 4143 vitu,
1192 4081 1284 4133 malim

79 4173 174 4220 tmen
189 4171 302 4220 Reddita
317 4169 404 4221 medie
419 4171 545 4233 producta
561 4175 591 4221 ut
610 4171 774 4222 Salmasius'.
808 4172 921 4221 Reddita
934 4186 982 4233 pro
998 4185 1023 4218 o.
1040 4167 1120 4217 Lech.
1235 4165 1283 4214 783

79 4253 107 4301 11·
123 4256 217 4301 ml
232 4252 303 4301 cordi
317 4251 368 4302 Itu
387 4251 428 4302 ior
443 4254 466 4300 ri
487 4260 580 4302 terram
601 4254 703 4302 cordist.
738 4255 771 4315 [si
795 4260 863 4301 terve
882 4259 918 4301 est
940 4252 1009 4300 cordi
1031 4250 1105 4299 Pont.
1128 4247 1213 4297 before
1232 4259 1282 4302 me,

79 4346 113 4383 n
129 4331 145 4382 1
163 4346 223 4383 nov
240 4331 326 4405 Mb
352 4332 408 4384 nne
427 4333 566 4397 hequsnoy
583 4334 647 4384 with
664 4334 748 4383 which
765 4348 812 4383 our
831 4347 893 4382 mss.
911 4331 973 4382 thus
992 4334 1127 4393 transpose
1146 4328 1199 4380 this
1215 4335 1239 4377 11
1261 4326 1283 4376 is

80 4429 145 4479 very
160 4413 335 4466 remarkable:
352 4430 395 4466 sae
411 4416 490 4466 Iach.
508 4419 536 4466 to
553 4431 575 4466 11
591 4417 640 4466 275
655 4415 714 4466 who
730 4415 793 4465 cites
810 4420 855 4465 tan
871 4414 1015 4464 instances:
1033 4415 1135 4473 11799,
1153 4413 1198 4463 the
1214 4426 1283 4474 rspe-
