2834 4792
638 257 694 322 111
1219 271 1277 340 153

160 416 238 503 quid
260 416 499 503 respondemus,
520 415 584 482 nisi
605 415 726 481 iustam
748 414 916 480 intendere
940 414 1031 481 litem
1210 429 1276 498 95ο

159 528 311 584 naturam
332 527 368 584 et
390 541 498 584 veram
520 519 628 584 verbis
649 541 808 604 exponere
831 524 985 584 causam?

117 638 132 703 5
158 621 309 710 grandior
330 621 383 687 hic
405 644 480 687 vero
502 622 621 687 eiiam
643 622 815 708 seniorque
838 631 995 708 queratur

117 743 136 788 2
160 734 258 812 atque
281 725 407 790 obitum
430 725 628 791 lamentetur
650 725 748 790 miser
769 725 909 812 amplius
931 748 1045 812 aequo,

160 851 225 893 non
245 829 362 893 merito
383 827 537 893 inclamet
559 829 663 916 magis
685 836 719 895 et
741 850 817 893 voce
839 828 987 914 increpet
1008 829 1097 894 acri?

115 952 138 1013 4
159 933 267 997 ‘aufer
288 932 406 998 abhinc
428 931 582 1009 lacrimas,
604 932 737 1011 beletro,
760 941 793 998 et
815 955 980 1019 compesce
1003 934 1168 1021 querellas.
1210 948 1271 1015 955

160 1036 268 1101 omnia
289 1037 480 1123 perfunctus
502 1036 582 1101 vitai
604 1036 748 1122 praemia
771 1059 900 1101 marces.
1198 1019 1211 1048 ⁰

160 1139 216 1204 sed
238 1139 316 1224 quia
336 1162 464 1226 semper
484 1163 560 1206 aves
582 1141 666 1227 quod
689 1139 790 1219 abest,
812 1142 996 1226 praesentia
1018 1143 1146 1220 temnis,

160 1243 338 1329 inperfecta
360 1244 422 1309 tibi
444 1244 585 1330 elapsast
607 1243 799 1331 ingrataque
822 1244 890 1309 vita

161 1356 195 1412 et
217 1370 276 1413 nec
297 1348 445 1434 opinanti
466 1369 552 1412 mors
573 1347 614 1411 ad
637 1355 736 1433 caput
757 1346 887 1411 adstitit
910 1357 986 1413 ante

161 1472 258 1535 quarn
280 1459 371 1515 satur
392 1472 430 1515 ac
451 1450 567 1536 plenus
588 1451 689 1534 possis
711 1449 871 1515 discedere
893 1472 1008 1514 rerum.
1211 1452 1277 1532 960

162 1575 247 1618 nunc
269 1553 375 1618 aliena
396 1561 455 1618 tua
476 1561 586 1618 tamen
608 1560 717 1618 aetate
739 1552 848 1617 omnia
870 1553 966 1617 mitte

161 1678 263 1742 aequo
285 1658 456 1744 animoque
478 1658 618 1744 agedum
640 1679 777 1744 magnus
799 1656 953 1721 concede:
983 1655 1160 1722 necessest’

161 1759 238 1836 iure,
261 1769 300 1826 ut
321 1761 441 1847 opinor,
464 1770 549 1849 agat,
571 1762 641 1826 iure
663 1761 808 1846 increpet
829 1760 1024 1845 inciletque;

162 1862 248 1928 cedit
270 1864 358 1928 enim
379 1886 488 1929 rerum
510 1865 655 1930 novitate
677 1871 808 1928 extrusa
830 1871 977 1928 vetustas

161 1987 294 2052 semper,
317 1975 351 2032 et
373 1989 413 2032 ex
435 1967 507 2031 aliis
529 1967 618 2032 aliud
640 1988 787 2052 reparare
808 1973 987 2043 necessest;
1212 1965 1274 2047 965

160 2091 220 2134 nec
242 2071 413 2156 quisquam
434 2071 470 2135 in
491 2071 680 2139 barathuun
702 2093 762 2135 nec
784 2070 920 2133 Tartara
941 2068 1072 2133 deditur
1093 2076 1181 2132 atra:

160 2174 312 2240 materies
334 2197 415 2262 opus
437 2184 487 2241 est
509 2186 547 2241 ut
569 2183 714 2240 crescant
737 2182 865 2260 postera
887 2174 1010 2253 saecla;

161 2299 244 2362 quae
266 2287 376 2344 tamen
399 2279 507 2344 omnia
529 2289 562 2344 te
585 2279 654 2343 vita
675 2279 845 2365 perfuncta
867 2284 1062 2362 sequentur;

160 2403 221 2445 nec
242 2381 349 2447 minus
371 2404 447 2470 ergo
469 2391 546 2447 ante
569 2383 648 2447 haec
670 2404 767 2468 quam
790 2389 828 2446 tu
851 2378 1001 2457 cecidere,
1023 2379 1212 2464 cadentque.

161 2484 207 2548 sic
229 2485 295 2550 alid
317 2508 357 2551 ex
379 2486 442 2550 alio
464 2508 643 2572 numquam
665 2485 801 2551 desistet
823 2484 899 2548 oriri
1212 2498 1278 2565 970

162 2587 293 2674 vitaque
316 2588 477 2675 mancipio
499 2588 581 2654 nulli
603 2588 709 2665 datur,
731 2587 881 2652 omnibus
903 2607 974 2650 usu.

161 2690 283 2776 respice
305 2691 386 2757 item
408 2714 507 2778 quam
528 2691 576 2755 nil
597 2690 639 2756 ad
661 2713 719 2755 nos
740 2697 891 2754 anteacta
912 2696 1058 2753 vetustas

161 2795 316 2879 temporis
337 2795 462 2860 aeterni
484 2795 600 2873 fuerit„
614 2817 711 2880 quam
733 2793 896 2857 nascimur
917 2800 1001 2857 ante.

161 2898 220 2962 hoc
241 2899 343 2985 igitur
364 2899 531 2985 speculum
553 2899 646 2964 nobis
667 2909 785 2964 natura
807 2897 910 2962 futuri

162 3003 317 3087 temporis
339 3003 472 3088 exponit
494 3012 567 3088 post
589 3012 726 3068 mortem
749 3002 889 3087 denique
911 3009 1062 3065 nostram.
1211 3013 1272 3082 975

161 3105 320 3191 numquid
342 3106 389 3171 ibi
410 3106 562 3171 horribile
585 3115 729 3192 apparet,
752 3128 830 3169 num
854 3105 948 3169 triste
971 3103 1100 3168 videtur

182 3208 342 3295 uioquam,
364 3232 429 3274 non
451 3210 539 3275 omni
561 3232 672 3275 somno
694 3209 836 3274 securius
858 3212 990 3273 exstat?

205 3315 315 3400 Atque
337 3337 376 3380 ea
397 3315 551 3379 nimirum
574 3335 795 3400 quaecumque
817 3313 1005 3377 Acherunte
1027 3310 1185 3397 profundo

161 3416 290 3503 prodita
311 3426 389 3483 sunt
411 3439 487 3497 esse,
510 3417 545 3481 in
567 3417 735 3482 vitasunt
757 3416 866 3481 omnia
888 3415 987 3480 nobis.

228 3657 275 3706 952
290 3655 356 3721 (955)
368 3655 459 3719 placed
474 3655 533 3705 here
548 3655 605 3706 first
620 3654 654 3718 by
664 3653 744 3704 Lech.
859 3653 907 3705 955
925 3653 1023 3702 5515555
1038 3651 1136 3700 certain
1151 3649 1237 3699 critice
1248 3649 1276 3698 in

113 3736 189 3788 rneb.
201 3737 299 3787 advers.
311 3737 364 3788 and
375 3736 466 3787 Heins.
478 3736 507 3786 in
518 3751 567 3786 me.
580 3740 654 3786 notes
666 3738 706 3785 for
718 3738 827 3786 borotra
861 3737 937 3785 tarde
948 3734 1007 3784 Ald.
1021 3734 1034 3781 1
1045 3733 1118 3784 Jnnt.
1132 3735 1180 3782 not
1191 3732 1254 3782 Mar.

113 3821 155 3872 158
177 3820 317 3882 inperfecta
332 3817 401 3870 Flor.
418 3820 450 3867 31
468 3817 555 3868 (lamb.
582 3819 621 3867 for
644 3819 787 3881 inperfecte.
933 3815 981 3867 960
1003 3816 1127 3864 decedere
1144 3812 1215 3863 Nice.
1238 3814 1278 3862 for

113 3915 178 3952 cere.
293 3900 342 3951 962
358 3902 464 3963 opedam
475 3899 545 3951 Nico.
559 3899 740 3962 foropeodum.
776 3893 1278 3959 maenae‘censorOrelliiIenenis’for

113 3976 179 4045 prtia
215 3983 268 4031 iam
282 3983 344 4031 alite
359 3982 423 4033 Mar.
440 3981 499 4031 Ald.
516 3982 530 4029 1
547 3981 620 4030 Junt.
636 3979 704 4042 vulg.
738 3981 823 4041 659555
837 3977 918 4028 Lech.
950 3979 1035 4039 955555
1050 3976 1127 4026 Bern.
1162 3978 1277 4026 humanis

113 4061 216 4125 dmoqe
231 4060 332 4111 555116.
350 4061 481 4124 formerly.
579 4059 627 4110 966
643 4061 743 4109 deditur
760 4060 783 4107 A
799 4057 869 4109 Nico.
906 4057 977 4106 dedit
994 4055 1024 4106 B.
1061 4057 1155 4106 decidit
1170 4055 1192 4103 B
1209 4068 1274 4105 corr.

113 4143 167 4194 mb.
245 4144 294 4194 978
304 4143 385 4206 Atque
397 4156 428 4192 ea
439 4140 613 4192 nimirumAB
625 4140 694 4190 Flor.
707 4138 836 4191 31051111).
850 4141 865 4188 2
877 4139 935 4189 Vat.
948 4138 1063 4188 Priscian
1074 4137 1178 4200 rightly.
1206 4137 1278 4188 Nico.

113 4240 123 4274 5
136 4228 218 4288 Atque
233 4227 374 4274 enimcum
388 4227 480 4275 etiem:
497 4238 514 4273 a
529 4227 633 4285 strange
648 4237 718 4273 error
728 4221 813 4272 which
828 4222 851 4271 ie
865 4219 984 4284 repeated
994 4219 1028 4282 by
1038 4221 1054 4268 2
1065 4220 1123 4269 Vat.
1136 4218 1207 4269 Brix.
1219 4220 1278 4269 Ver.

113 4323 138 4360 n.
155 4309 222 4359 Mar.
236 4306 294 4360 Ald.
312 4309 327 4356 1
342 4306 395 4358 and
410 4308 434 4366 2,
445 4307 534 4356 June:
552 4304 596 4356 the
611 4305 662 4355 lest
677 4305 735 4355 four
750 4302 812 4354 read
827 4305 915 4367 Atqui.
949 4302 1044 4352 Avano.
1056 4300 1172 4351 however
1189 4306 1217 4352 at
1233 4302 1278 4351 the

113 4390 125 4440 1
139 4390 169 4441 ot
182 4389 225 4440 his
241 4389 360 4440 Catullus
374 4388 471 4452 rightly
482 4387 575 4438 recalls
588 4390 669 4450 Atque
684 4401 715 4436 eo
727 4388 846 4436 nimirem
854 4404 863 4448 3
880 4399 910 4434 as
923 4383 956 4434 do
972 4382 1064 4434 hamb.
1081 4381 1147 4445 vulg.
1168 4382 1214 4434 but
1230 4386 1278 4432 not
