2834 4792
181 379 290 443 exitus
312 386 351 443 ut
373 377 467 443 classi
489 377 566 442 felix
589 377 779 463 faustusque
802 376 941 441 daretur.

182 490 313 547 tantum
334 482 449 570 religio
470 482 580 569 potuit
603 482 737 547 suadere
760 483 926 548 malorum.

226 586 381 650 Tutemet
402 609 423 650 a
444 585 538 651 nobis
559 585 625 650 iam
647 585 761 672 quovis
783 596 928 672 tempore
951 596 1062 651 vatum

182 689 366 775 terriloquis
388 689 494 755 victua
516 689 612 755 dictis
634 690 809 756 desciscere
832 713 973 777 quaeres

183 792 304 878 quippe
326 792 448 858 etenim
471 814 570 878 quam
592 793 697 857 multa
719 792 782 858 tibi
803 792 869 858 iam
891 794 1013 880 fingere
1035 802 1170 879 possunt

183 897 309 961 somnia
330 919 413 982 quae
437 896 526 962 vitae
548 897 690 962 rationes
713 906 837 963 vertere
861 898 985 984 possint

184 997 392 1083 fortunasque
414 1006 490 1062 tuas
507 997 616 1062 omnis
639 996 769 1062 turbare
792 997 927 1063 timore!

184 1111 218 1167 et
240 1101 374 1181 merito;
403 1124 480 1165 nam
503 1101 531 1166 si
553 1110 674 1167 certam
697 1102 795 1166 finem
819 1125 888 1168 esse
911 1101 1059 1169 viderent

184 1227 411 1270 aerumnarum
435 1205 590 1283 homineS,
612 1205 722 1291 aliqua
743 1206 868 1271 ratione
891 1207 1036 1272 valerent

185 1308 395 1396 religionibus
417 1318 516 1394 atque
539 1309 636 1374 minis
658 1310 813 1375 obsistere
836 1319 957 1375 vatum.

184 1434 270 1476 nunc
291 1410 376 1476 ratio
397 1412 488 1476 nulla
510 1421 560 1476 est
582 1412 734 1490 restandi,
756 1413 847 1477 nulla
870 1413 1014 1488 facultas,

185 1524 334 1580 aeternas
356 1517 509 1602 quoniam
531 1539 651 1602 poenas
674 1517 708 1580 in
730 1527 834 1583 morte
857 1516 1077 1582 timendumst.

185 1617 354 1704 ignoratur
376 1620 462 1685 enim
485 1642 568 1706 quae
591 1620 634 1685 sit
656 1630 773 1685 natura
795 1621 925 1698 animai,

184 1731 263 1788 nata
284 1722 328 1786 sit
350 1745 393 1787 an
415 1731 527 1789 contra
548 1723 756 1789 nascentibus
779 1724 971 1799 insinuetur,

185 1834 219 1890 et
241 1825 339 1891 simul
361 1826 502 1891 intereat
526 1827 693 1892 nobiscum
716 1837 820 1892 morte
842 1828 1004 1912 dirempta

185 1954 227 1995 an
249 1930 401 1996 tenebras
424 1931 500 1997 Orci
523 1933 606 1996 visat
629 1940 800 2017 vastasque
824 1931 954 1996 lacunas

185 2056 227 2099 an
248 2034 389 2119 pecudes
410 2034 489 2098 alias
512 2033 670 2098 divinitus
693 2034 837 2099 insinuet
860 2057 903 2111 se,

186 2134 310 2202 Ennius
333 2146 371 2203 ut
393 2146 503 2203 noster
525 2139 642 2203 cecinit
665 2139 722 2224 qui
745 2138 868 2224 primus
890 2160 1024 2203 amoeno

185 2240 305 2305 detulit
327 2262 367 2304 ex
390 2240 547 2305 Helicone
570 2241 704 2325 perenni
727 2240 837 2305 fronde
861 2263 1018 2317 coronam,

184 2367 242 2430 per
263 2345 372 2431 gentis
393 2344 495 2408 Italas
518 2344 686 2408 hominum
710 2366 792 2429 quae
816 2344 901 2408 clara
923 2345 1066 2421 clueret3

186 2448 248 2513 etsi
271 2458 437 2534 praeterea
459 2456 569 2512 tamen
592 2469 660 2512 esse
682 2446 861 2511 Acherusia
884 2447 1005 2533 templa

186 2551 312 2616 Ennius
333 2550 474 2616 aeternis
497 2550 631 2635 exponit
654 2550 799 2614 versibus
821 2548 929 2625 edens,

186 2676 249 2740 quo
271 2675 377 2738 neque
399 2660 610 2738 permaneant
632 2652 760 2716 animae
782 2674 888 2737 neque
911 2674 1042 2737 corpora
1064 2662 1181 2727 nostra,

186 2753 242 2821 sed
263 2754 423 2842 quaedam
445 2754 618 2819 simulacra
640 2754 743 2818 modis
765 2753 922 2839 pallentia
946 2753 1051 2831 miris;

186 2859 272 2925 unde
295 2858 358 2925 sibi
380 2866 526 2924 exortam
549 2880 677 2944 semper
699 2858 843 2922 florentis
867 2858 1001 2923 Homeri

186 2970 414 3027 commemorat
436 2962 577 3047 speciem
600 2961 747 3025 lacrimas
770 2961 934 3026 effundere
957 2961 1056 3025 salsas

186 3065 327 3151 coepisse
349 3073 383 3130 et
406 3087 513 3129 rerum
536 3074 688 3129 naturam
712 3062 893 3149 expandere
916 3063 1019 3129 dictis.

186 3178 382 3256 quapropter
402 3169 486 3235 bene
508 3191 583 3234 cum
606 3168 731 3254 superis
753 3168 793 3232 de
816 3168 913 3232 rebus
935 3167 1085 3232 habenda

186 3273 278 3339 nobis
301 3283 351 3339 est
372 3273 465 3349 ratic,
487 3272 562 3337 solis
585 3272 746 3357 lunaeque
770 3280 898 3336 meatus

186 3398 251 3462 qua
271 3376 354 3442 fiant
375 3375 508 3451 ratione,
531 3382 653 3459 etqua
677 3374 710 3438 vi
733 3396 880 3460 quaeque
903 3383 1059 3460 gerantur

187 3481 219 3544 in
243 3480 347 3557 terris,
368 3487 441 3545 tum
465 3479 675 3564 cumprimis
697 3479 821 3543 ratione
845 3479 951 3564 sagaci

187 3584 273 3649 unde
295 3584 405 3647 anima
426 3591 525 3669 atque
548 3583 649 3647 animi
672 3590 797 3647 constet
820 3591 938 3646 natura
961 3579 1155 3659 videndum;

186 3696 219 3752 et
241 3709 324 3773 quae
346 3709 398 3752 res
419 3686 520 3763 nobis,
542 3686 755 3774 vigilantibus
777 3686 880 3762 obvia,
904 3694 1028 3750 mentes

102 3900 172 3951 Nico
190 3900 227 3951 all
242 3900 312 3951 Flor.
329 3900 419 3951 (lamb.
436 3901 473 3950 all
489 3900 549 3951 Vat.
568 3905 618 3950 etc.
718 3900 765 3949 104
778 3906 882 3962 possum
900 3898 966 3948 Mar.
984 3897 1058 3947 June.
1075 3897 1116 3947 lor
1128 3911 1235 3959 porrum.
1271 3895 1306 3943 As

102 3984 122 4033 h
144 3982 198 4033 and
224 3982 270 4033 the
297 3982 409 4034 Italians
436 3982 503 4033 hare
530 3985 590 4043 iam,
615 3983 637 4031 B
664 3981 717 4032 and
738 3982 810 4031 Gott.
833 3996 878 4039 me,
902 3980 915 4029 1
941 3994 1005 4030 once
1028 3976 1140 4041 thought
1166 3977 1210 4028 the
1236 3975 1306 4039 right

102 4064 208 4128 reading
218 4064 303 4128 might
312 4064 345 4116 be
355 4081 373 4114 u
383 4066 525 4129 mcflogera
539 4080 656 4128 marcor:
675 4079 716 4114 see
733 4063 886 4126 Cambridge
900 4062 1011 4113 Journal
1026 4062 1054 4112 01
1070 4060 1203 4124 philology
1214 4074 1224 4109 r
1235 4074 1261 4123 p.
1273 4061 1305 4109 42

102 4144 155 4197 und
173 4145 250 4197 Luur.
268 4147 376 4199 1112'11.
477 4147 524 4194 111
542 4147 701 4197 clarendunam
718 4144 798 4196 Orelli
817 4142 896 4207 eclog.
915 4143 944 4194 in
962 4146 1045 4201 notes,
1062 4141 1144 4191 Lech.
1161 4142 1202 4192 for
1219 4144 1304 4192 timeu-

102 4230 168 4278 dum.
265 4229 314 4277 121
340 4230 421 4279 edem.
454 4230 535 4278 cidem
556 4226 637 4277 Lach.
660 4226 770 4277 without
793 4241 878 4276 cause.
978 4225 1026 4273 122
1044 4231 1216 4288 pertonuerant.
1249 4238 1305 4287 per·

102 4317 201 4359 maneat
219 4308 285 4372 Ang.
300 4308 413 4360 Politian
429 4307 458 4358 in
473 4323 555 4370 marg.
572 4308 601 4357 01
618 4307 688 4357 Flor.
705 4308 745 4365 29,
764 4305 822 4356 Ver.
840 4305 906 4355 Van.
923 4304 980 4356 Ald
1002 4305 1016 4352 1
1033 4304 1106 4354 Junt.
1124 4305 1171 4353 eto.
1189 4301 1305 4353 followed

102 4393 134 4454 by
151 4389 187 4440 ull
205 4389 292 4443 before
309 4389 391 4442 hauh
420 4395 571 4454 perueniant
590 4389 657 4440 Mar.
757 4389 805 4438 126
824 4389 937 4451 coepisse
957 4394 981 4437 et
998 4387 1021 4435 B
1038 4400 1104 4436 corr.
1124 4384 1193 4435 Flor.
1214 4385 1246 4434 31
1267 4383 1306 4433 for
