2834 4792
43 3290 72 3349 X..

256 390 437 465 concilium,
459 387 546 475 quod
567 387 663 452 inane
684 396 784 473 quest
804 409 912 451 rerum
934 384 1089 451 cohibere.

256 493 409 558 materies
429 491 543 579 igimr,
562 489 664 555 solido
685 511 769 576 quae
790 511 919 574 corpore
940 497 1074 566 constat,

254 620 325 663 esse
346 608 479 661 aeterna
500 604 617 681 potest,
637 616 713 658 cum
734 604 842 658 cetera
860 592 1085 658 dissoluantur.

255 714 328 765 tum
351 721 446 786 porro
467 700 496 763 si
518 698 564 762 nil
586 706 672 762 esset
692 695 778 783 qnod
799 697 895 761 inane
917 704 1053 773 vocaret,

253 826 348 869 omne
370 804 453 867 foret
473 801 633 880 solidum;
656 800 720 864 nisi
741 810 852 865 contra
872 821 1002 885 corpora
1022 808 1110 865 certa

256 917 365 973 essent
387 929 470 993 quae
493 906 561 971 loca
582 906 780 991 complerent
801 926 1022 991 quaecumque
1043 910 1200 980 tenerent,

254 1035 349 1078 omne
371 1011 458 1097 quod
478 1022 538 1086 est,
558 1010 702 1096 spatium
723 1031 861 1074 vacuum
882 1018 1043 1074 constaret
1063 1008 1167 1074 inane.

253 1117 387 1182 alternis
408 1117 511 1204 igitur
531 1116 685 1181 nimirum
706 1138 821 1201 corpus
840 1115 930 1180 inani

255 1220 484 1296 distinctumst,
506 1220 658 1305 quoniam
680 1241 740 1284 neo
761 1220 894 1305 plenum
915 1218 1041 1283 naviter
1062 1226 1153 1283 extat

255 1347 314 1389 nec
336 1347 430 1410 porro
452 1345 598 1388 vacuum.
641 1333 719 1388 sunt
741 1344 817 1409 ergo
837 1344 968 1408 corpora
988 1333 1075 1386 certa

255 1451 338 1515 quae
361 1427 504 1514 spatium
526 1427 622 1512 pleno
644 1426 767 1511 possint
787 1426 988 1513 distinguere
1009 1426 1113 1491 inane.

254 1532 332 1596 haec
354 1553 460 1617 neque
481 1529 613 1594 dissolui
634 1530 739 1615 plagis
760 1529 958 1594 extrinsecus
979 1529 1045 1593 icta

254 1649 389 1722 possunt
412 1658 470 1700 nec
492 1656 586 1720 porro
607 1634 739 1720 penitus
760 1643 930 1719 penetrata
950 1633 1054 1698 retexi

253 1761 311 1803 nec
334 1738 458 1803 ratione
480 1747 606 1823 queunt
627 1737 691 1800 alia
712 1746 873 1822 temptata
895 1736 1023 1814 labare3

253 1842 286 1906 id
308 1842 394 1928 quod
416 1843 481 1906 iam
503 1864 600 1927 supra
621 1842 684 1906 tibi
706 1842 802 1927 paulo
824 1841 1023 1906 ostendimus
1044 1848 1128 1905 ante.

253 1968 328 2010 nam
351 1967 456 2031 neque
478 1945 596 2010 conlidi
617 1945 687 2009 sine
709 1944 799 2009 inani
820 1966 913 2030 posse
934 1944 1063 2008 videtur

252 2050 425 2134 quicquam
449 2071 507 2113 nec
529 2049 633 2135 frangi
656 2070 714 2113 nec
736 2048 816 2113 findi
837 2049 871 2112 in
893 2047 972 2113 bina
992 2046 1127 2112 secando

252 2175 311 2217 nec
332 2173 446 2238 capere
468 2174 612 2216 umorem
635 2173 739 2238 neque
762 2152 842 2216 item
864 2152 1025 2216 manabile
1046 2151 1148 2238 frigus

251 2278 310 2320 nec
331 2255 529 2342 penetralem
553 2255 670 2342 ignem,
692 2256 811 2342 quibus
832 2257 940 2320 omnia
961 2256 1182 2322 conficiuntur.

252 2370 286 2424 ct
308 2383 372 2446 quo
394 2383 541 2447 quaeque
563 2362 667 2448 magis
688 2361 817 2426 cohibet
838 2383 889 2425 res
912 2361 1001 2425 intus
1022 2360 1127 2437 inane,

253 2474 320 2528 tam
344 2465 448 2552 magis
470 2465 521 2530 his
542 2464 638 2530 rebus
659 2465 791 2550 penitus
812 2473 975 2550 temptata
996 2463 1137 2529 labascit.

254 2592 329 2656 ergo
352 2570 379 2634 si
401 2568 504 2633 solida
524 2592 562 2633 ac
583 2568 652 2633 sine
675 2568 763 2632 inani
786 2589 917 2653 corpora
937 2566 1042 2652 prima

253 2683 330 2737 sunt
353 2674 401 2737 ita
422 2673 472 2736 uti
495 2672 599 2748 docui,
620 2672 687 2736 sint
710 2671 789 2736 haec
811 2680 944 2737 aeterna
964 2678 1131 2735 necessest

253 2786 420 2861 practerea
441 2775 503 2840 nisi
526 2776 676 2840 materies
697 2786 831 2841 aeterna
851 2775 972 2852 fuisset,

252 2879 390 2943 antehac
412 2879 453 2943 ad
475 2878 579 2943 nilum
601 2878 733 2964 penitus
755 2901 806 2943 res
827 2900 975 2964 quaeque
995 2877 1155 2943 redissent

253 2981 294 3046 de
316 2981 446 3066 niloque
469 2992 582 3045 renata
603 2981 708 3045 forent
731 3003 952 3066 quaecumque
974 2978 1127 3045 videmus

83 3038 120 3155 ,ἡ
186 3060 197 3157 l
251 3093 287 3150 at
308 3085 460 3170 quoniam
482 3106 579 3170 supra
600 3085 695 3151 docui
717 3086 762 3149 nil
785 3107 877 3171 posse
899 3084 1000 3151 creari

193 3162 198 3277 l
252 3185 292 3253 de
314 3188 380 3252 nilo
402 3209 507 3273 neque
530 3188 616 3272 quod
637 3188 786 3275 genitum
808 3197 858 3254 est
879 3189 920 3253 ad
943 3187 990 3252 nil
1011 3187 1159 3264 revocari,

253 3312 321 3355 esse
344 3290 509 3355 inmortali
531 3290 706 3374 primordia
726 3313 856 3377 corpore
877 3291 1007 3368 debent,

251 3393 384 3459 dissolui
407 3416 470 3478 quo
493 3416 639 3479 quaeque
661 3416 811 3480 supremo
833 3403 977 3480 tempore
1000 3395 1132 3481 possint,

250 3493 402 3558 materies
425 3501 463 3557 ut
484 3493 672 3578 subpeditet
694 3494 790 3559 rebus
811 3495 1005 3580 reparandis

162 3737 218 3780 stet.
349 3729 396 3778 504
412 3743 495 3778 rerum
511 3731 589 3790 lonae.
623 3728 687 3791 ⁴103.
705 3730 776 3792 naqa
791 3730 888 3780 rerum'
904 3730 989 3781 Bentl.
1129 3733 1179 3785 517
1193 3734 1271 3784 laone
1287 3742 1366 3796 queat

161 3825 244 3861 renam
260 3822 342 3858 seems
358 3808 429 3869 quita
445 3809 523 3872 right.
556 3813 632 3860 iaaac
649 3813 678 3859 in
694 3813 762 3861 rebu’
779 3820 855 3875 queat
869 3812 949 3862 Iach.
989 3819 1080 3863 uotum
1095 3811 1161 3864 Mar.
1177 3813 1237 3865 alu
1254 3815 1270 3863 l
1285 3815 1362 3867 sunt.

161 3889 252 3941 Lamb.
267 3888 333 3938 edl
350 3887 403 3938 and
419 3890 442 3950 t,
456 3905 540 3940 venam
554 3889 631 3942 Bern
646 3892 687 3941 for
702 3906 791 3942 reram.
889 3894 938 3943 520
954 3901 1016 3944 esset
1031 3894 1054 3943 Δ
1070 3908 1136 3945 corr.
1146 3895 1245 3949 Arana.
1261 3896 1301 3947 lor
1317 3906 1364 3948 cst.

162 3971 464 4035 siquidemm'lertllioc.
497 3973 688 4024 vocaretisthe
699 3974 742 4024 old
752 3969 894 4025 formasse
905 3980 981 4027 notas
991 3977 1015 4026 2.
1048 3976 1242 4029 ananthon
1315 3979 1366 4028 525

163 4055 350 4113 marinorum,
369 4053 487 4115 quoniam
503 4053 593 4102 lumb.
611 4058 680 4104 most
698 4054 794 4118 rightly
810 4056 851 4105 lor
866 4059 1022 4106 Distiactam
1040 4061 1160 4121 quonum
1177 4056 1262 4109 which
1279 4058 1365 4112 Insula

162 4133 260 4182 retains
276 4130 415 4194 beginning
431 4131 476 4182 the
491 4133 611 4196 spodosis
627 4133 691 4184 with
706 4142 764 4184 ruat
780 4151 837 4198 erpo
853 4135 881 4185 in
898 4137 954 4186 526.
988 4137 1073 4186 alul
1090 4137 1317 4193 unctantem
1334 4146 1365 4193 to

162 4214 223 4264 take
234 4215 381 4263 distinctum
391 4213 432 4263 for
443 4215 589 4264 distinctam
599 4223 637 4265 at
646 4214 700 4266 and
709 4219 737 4266 to
748 4215 907 4267 understand
918 4216 963 4267 the
973 4232 1080 4282 passage
1090 4219 1196 4283 rightly.
1313 4223 1365 4276 627

158 4298 234 4358 pleno
251 4296 316 4344 Mar.
333 4295 391 4346 Ald.
409 4298 424 4345 1
440 4296 494 4347 and
509 4296 584 4347 Junt.
601 4298 641 4347 lor
653 4313 744 4362 mena,
762 4299 906 4350 audinum
923 4301 962 4350 lor
977 4304 1060 4352 lacni.
1147 4304 1195 4353 588
1204 4305 1277 4369 ,Μ
1291 4304 1364 4357 lllor.

162 4376 193 4424 31
204 4376 275 4426 Mon.
287 4375 346 4426 Ver.
357 4375 422 4428 Vcn.
434 4376 475 4427 for
481 4377 570 4439 fundi.
667 4380 715 4429 542
727 4395 774 4445 quc
785 4388 876 4431 renato
885 4381 976 4433 Isamb.
988 4384 1029 4434 tor
1039 4393 1187 4449 quoeraata.
