2834 4792
139 219 203 302 296
710 218 759 284 VI

244 390 427 476 corporibus
449 413 533 455 mors
555 390 712 456 exanimis
734 400 929 477 onerataque
951 391 1073 478 passim

247 503 365 559 cuncta
385 493 593 558 cadaveribus
621 493 797 576 caelestum
819 495 943 580 templa
963 495 1148 571 manebant,

248 593 431 679 hospitibus
453 594 522 657 loca
544 616 626 679 quae
649 595 849 679 complerant
870 593 1083 660 aedituentes
1265 611 1348 678 1275

249 719 308 761 neo
330 697 394 761 iam
418 697 531 782 religio
552 697 662 761 divom
684 720 745 762 neo
767 699 903 761 numina
924 698 1036 784 magni

251 799 478 886 pendebantur
501 801 605 865 enim:
634 821 786 886 praesens
810 801 900 866 dolor
920 802 1144 887 exsuperabat.

250 927 310 970 nec
332 926 401 968 mos
423 904 477 969 ille
500 906 686 990 sepulturae
708 905 899 970 remanebat
920 906 956 970 in
977 907 1067 984 urbe,

249 1030 314 1093 quo
336 1006 409 1092 pius
432 1005 485 1071 hic
507 1007 647 1092 populus
668 1029 796 1092 semper
817 1017 986 1074 consuerat
1008 1009 1155 1088 humari3

248 1112 459 1198 perturbatus
481 1113 567 1175 enim
591 1119 680 1175 totus
703 1111 897 1197 trepidabat,
919 1120 954 1177 et
975 1135 1060 1177 unus
1265 1116 1353 1178 1280

249 1216 385 1302 quisque
408 1238 503 1280 suum
526 1238 584 1302 pro
605 1239 640 1280 re
658 1217 821 1302 praesenti
841 1225 984 1280 maestus
1006 1216 1172 1281 humabat.

248 1321 416 1404 multaque
438 1343 490 1385 rea
511 1320 621 1384 subita
643 1329 676 1383 et
698 1328 878 1405 paupertas
899 1318 1028 1384 horrida
1050 1319 1172 1399 suasit;

247 1444 386 1507 namque
410 1445 482 1487 suos
505 1423 758 1508 consanguineos
780 1423 888 1487 aliena
909 1446 1060 1507 rogorum

247 1526 380 1611 insuper
402 1535 552 1590 extructa
573 1527 700 1611 ingenti
723 1526 861 1592 clamore
883 1527 1032 1592 locabant

248 1629 493 1714 subdebantque
517 1630 609 1705 faces,
633 1630 736 1693 multo
766 1652 839 1694 cum
862 1629 1019 1716 sanguine
1042 1652 1138 1717 saepe
1269 1635 1351 1712 1285

247 1733 390 1798 rixantes
412 1735 521 1819 potius
544 1757 645 1820 quam
668 1756 799 1820 corpora
820 1735 1052 1799 desererentur.
1101 1801 1105 1809 ,

140 1955 171 2003 31
184 1952 273 2002 (lamb.
285 1953 321 2002 ull
332 1952 408 2005 Vat:
425 1954 503 2004 Lech.
516 1958 648 2016 separatos
660 1954 724 2007 1270
736 1953 802 2002 from
813 1953 859 2002 the
869 1956 973 2003 context
984 1952 1018 2017 by
1029 1954 1062 2017 [].
1139 1953 1203 2005 1274
1213 1956 1351 2004 mamona

140 2033 228 2087 Oamb.
243 2035 313 2084 Brlx.
326 2036 393 2096 vulg.
406 2036 446 2084 lor
456 2039 570 2085 monebat
582 2036 612 2094 A,
624 2037 734 2085 nroncbit
745 2035 774 2086 B.
812 2037 910 2084 tenebat
922 2035 999 2085 Laoh.
1148 2036 1212 2086 1279
1224 2037 1282 2096 Quo
1289 2039 1350 2099 pius

140 2117 174 2167 Is.
187 2117 261 2168 Voss.
272 2116 300 2166 in
311 2131 359 2168 ms.
374 2122 456 2179 notes,
470 2119 543 2170 Wak
559 2118 638 2168 Lacb.
672 2120 730 2168 Huc
739 2120 798 2182 pius
810 2118 833 2166 A
844 2117 914 2168 Nico.
926 2117 1016 2167 Oamb.
1029 2119 1044 2166 2
1056 2117 1115 2167 Vat.
1126 2117 1198 2166 Brix.
1210 2116 1272 2167 Ver.
1284 2118 1349 2167 Ven.

141 2202 194 2261 Quo
203 2201 276 2263 prius
287 2200 308 2247 Β
321 2200 414 2252 Vienn.
428 2200 493 2262 lrag.
505 2199 596 2252 hamb.
631 2201 664 2249 Ut
672 2202 746 2263 prius
758 2199 826 2249 Flor.
838 2200 869 2248 31
881 2203 931 2249 two
940 2199 999 2248 Vat.
1010 2199 1104 2249 Avanc.
1116 2197 1242 2248 utendos
1252 2198 1348 2248 Catull.

140 2281 243 2331 Creeob.
281 2283 313 2331 Ut
326 2286 387 2345 pius
405 2297 454 2332 one
471 2281 529 2331 Vat.
549 2282 614 2334 Mar.
633 2281 691 2330 Ald.
709 2281 723 2328 1
741 2282 814 2330 tunt.
850 2281 978 2330 ‘Lucretii
995 2281 1129 2343 ingenium
1144 2295 1238 2342 parum
1255 2295 1348 2343 cogno·
1384 2341 1389 2357 ἱ

139 2365 232 2411 verunt
243 2361 287 2424 qui
296 2365 451 2426 praeoptant
459 2363 540 2425 priuc’
552 2377 612 2425 says
624 2360 718 2412 Lacb:
735 2365 778 2424 yet
790 2360 834 2411 the
849 2363 881 2412 οῖς
897 2363 1012 2426 πρότερον
1024 2364 1131 2424 ἐχρῶντο
1143 2361 1172 2409 of
1187 2360 1268 2412 Thuo.
1283 2363 1348 2411 1152

140 2442 233 2505 speaks
244 2444 359 2506 strongly
371 2444 398 2492 in
410 2445 501 2493 favour
512 2444 540 2493 ol
549 2444 571 2491 B
584 2442 636 2492 and
647 2442 753 2494 Lamb:
770 2457 854 2505 comp.
866 2444 931 2492 Aen.
944 2458 971 2492 1v
980 2443 1028 2492 464
1036 2446 1137 2506 piorum
1145 2441 1221 2501 Med„
1231 2445 1349 2505 priorum

140 2523 197 2575 Vat.
212 2523 266 2577 Pal.
281 2529 328 2576 etc.
366 2527 472 2574 humori.
491 2527 592 2574 humore
605 2524 636 2572 N.
649 2525 677 2574 P.
690 2523 811 2582 Howard‚
823 2524 934 2587 perhaps
946 2524 1050 2588 rightly.
1194 2526 1259 2575 1280
1272 2530 1348 2589 trepi-

140 2606 217 2654 dabat
228 2606 259 2655 B.
292 2605 541 2669 repedobctANioo.
553 2604 622 2654 Flor.
635 2607 665 2653 31
679 2605 767 2655 Gamb.
780 2610 830 2654 two
839 2605 898 2656 Vat.
911 2607 981 2656 Mon.
996 2609 1043 2655 etc.
1144 2606 1206 2654 1281
1215 2609 1349 2668 praesenti

140 2686 221 2737 added
243 2688 277 2751 by
294 2688 343 2737 Ed.
377 2696 518 2752 conpostum
539 2688 618 2741 Laoh.
655 2696 789 2737 coruortcm
811 2687 879 2738 Flor.
904 2689 934 2735 31
958 2687 1046 2738 (lamb.
1071 2687 1136 2737 Mar.
1154 2687 1249 2750 before,
1271 2688 1346 2740 tunt.

139 2768 231 2818 Lamb.
243 2773 291 2818 etc.
304 2771 370 2819 alter
377 2785 425 2833 pro
437 2786 472 2819 re.
506 2777 637 2831 copnatum
648 2770 743 2818 Avanc.
852 2770 915 2817 1282
927 2785 965 2818 rea
976 2771 1061 2818 actito
1072 2776 1096 2818 et
1108 2769 1198 2818 (lamb.
1209 2769 1270 2818 Vat.
1284 2769 1350 2818 1136

140 2852 193 2902 and
205 2853 268 2903 1954
284 2852 378 2902 Otbob.
393 2855 431 2901 lor
445 2855 529 2902 cubita
545 2861 568 2902 et
585 2854 614 2910 A,
630 2854 715 2901 subita
725 2854 761 2915 fir
776 2853 806 2901 B.
841 2868 881 2901 rea
897 2853 995 2900 subitae
1013 2859 1037 2901 et
1053 2851 1133 2902 Lacb.
1167 2855 1206 2900 vis
1221 2853 1309 2901 cubita
1324 2859 1350 2901 et

140 2934 208 2984 Flor.
223 2936 254 2982 31
265 2933 323 2983 Vat.
336 2935 384 2983 640
396 2933 487 2983 Urbin.
500 2934 565 2985 Mar.
580 2932 637 2982 Ald.
651 2935 665 2981 1
677 2933 749 2984 Junt.
764 2932 855 2983 Lamb.
889 2949 953 2982 nwrs
963 2934 1048 2982 subita
1059 2940 1084 2982 et
1094 2933 1171 2982 Bem.

173 3017 313 3079 1285socea
326 3015 393 3065 Flor.
407 3017 437 3063 31
449 3015 537 3064 (lamb.
549 3016 614 3065 Mar.
627 3016 666 3064 for
672 3018 770 3078 fauces.

603 3670 674 3717 END
697 3671 740 3717 OF
762 3670 838 3717 VOL.
861 3671 882 3718 Ι.

73 4360 136 4526 κ
173 4371 334 4406 cunamen:
358 4371 473 4405 saturnu
491 4371 524 4404 ΒΥ
541 4371 563 4406 0.
581 4371 602 4406 J.
620 4371 691 4414 cm,
710 4372 764 4408 MA.
784 4372 834 4406 AND
851 4372 920 4420 80113,
939 4373 970 4407 ΔΤ
990 4373 1043 4408 m
1060 4373 1217 4409 ommam
1233 4376 1322 4412 Panse.
