2834 4792
636 254 665 317 V
1190 266 1249 334 245

130 417 280 482 laudibus
303 427 336 483 et
358 416 439 483 miro
461 427 511 483 est
533 417 678 483 mortalis
700 418 787 482 inter
810 417 936 483 honore
1170 419 1252 483 1280

175 518 273 584 Nunc
295 518 357 585 tibi
379 542 443 606 quo
464 529 560 606 pacto
582 520 657 585 ferri
679 528 798 585 natura
819 529 947 605 reperta

131 622 176 688 sit
197 623 322 689 facilest
344 623 407 710 ipsi
428 647 486 710 per
507 633 542 690 te
565 646 762 711 cognoscere,
787 624 931 689 Memmi.

130 749 221 792 arma
242 728 378 814 antiqua
399 751 514 794 manus
536 750 662 816 ungues
684 728 864 813 dentesque
887 729 1019 793 fuerunt

133 837 166 893 et
189 829 312 915 lapides
334 839 369 896 et
390 830 471 895 item
493 830 646 895 silvarum
670 831 831 916 fragmina
852 830 943 906 rami,

132 942 167 997 et
182 933 313 999 flamma
329 943 429 1021 atque
448 934 548 1021 ignes,
563 944 737 1020 postquam
752 943 830 999 sunt
845 933 975 1020 cognita
988 933 1138 1020 primum.
1167 935 1246 1013 1285

132 1036 292 1120 posterius
314 1037 390 1102 ferri
411 1037 460 1102 vis
483 1046 533 1103 est
555 1037 701 1123 aerisque
723 1047 859 1122 reperta.

130 1147 166 1203 et
188 1139 275 1223 prior
296 1139 379 1206 aeris
401 1149 471 1206 erat
495 1141 592 1227 quam
616 1141 692 1206 ferri
713 1141 862 1229 cognitus
885 1162 972 1217 usus,

133 1263 197 1326 quo
219 1242 320 1307 facilis
342 1243 444 1331 magis
470 1253 520 1309 est
541 1252 660 1309 natura
682 1250 716 1309 et
739 1243 830 1330 copia
852 1243 960 1309 maior.

129 1367 204 1410 aere
225 1346 328 1411 solum
351 1353 455 1412 terrae
478 1347 672 1424 tractabant,
694 1369 831 1432 aereque
854 1346 931 1411 belli

131 1449 309 1516 miscebant
331 1451 450 1516 fluctus
472 1461 506 1517 et
530 1452 664 1516 vulnera
686 1460 778 1515 vasta
799 1451 950 1515 serebant
1167 1466 1249 1530 1290

131 1560 166 1616 et
188 1575 285 1638 pecus
307 1562 406 1640 atque
429 1577 520 1640 agros
542 1554 749 1634 adimebant3
778 1576 855 1618 nam
877 1553 970 1618 facile
993 1552 1065 1617 ollis

128 1656 239 1721 omnia
260 1657 417 1722 cedebant
438 1657 572 1723 armatis
593 1658 681 1723 nuda
703 1668 737 1723 et
759 1657 891 1724 inerma.

132 1759 207 1825 inde
229 1759 418 1826 minutatim
443 1761 597 1847 processit
619 1761 741 1826 ferreus
764 1762 850 1826 ensis

133 1885 285 1950 versaque
308 1863 343 1928 in
365 1864 572 1950 obprobrium
594 1865 716 1950 species
739 1873 785 1930 est
807 1864 897 1929 falcis
920 1863 1052 1940 aberae,

131 1974 167 2031 et
189 1968 271 2032 ferro
292 1990 425 2053 coepere
447 1969 551 2032 solum
574 1967 775 2052 proscindere
798 1976 903 2032 terrae
1169 1980 1247 2049 1295

133 2078 376 2157 exaequataque
398 2078 475 2136 sunt
498 2071 621 2156 creperi
643 2070 820 2136 certamina
842 2070 926 2135 belli.

134 2181 167 2238 et
189 2173 279 2258 prius
301 2185 351 2239 est
372 2182 536 2239 armatum
558 2174 593 2237 in
615 2173 691 2259 equi
714 2173 925 2239 conscendere
948 2182 1052 2238 costas

132 2283 167 2340 et
189 2276 382 2342 moderarier
404 2278 490 2342 hunc
513 2276 611 2342 frenis
633 2277 811 2362 dextraque
834 2276 943 2363 vigere

133 2401 231 2464 quam
253 2379 365 2467 biiugo
387 2402 482 2445 curru
504 2380 582 2445 belli
604 2387 766 2465 temptare
789 2380 917 2464 pericla.

133 2490 167 2546 et
188 2481 315 2569 biiugos
336 2483 426 2569 prius
448 2493 499 2549 est
520 2506 619 2569 quam
641 2483 691 2548 bis
713 2483 907 2570 coniungere
930 2482 1023 2547 binos
1169 2499 1251 2563 1300

130 2593 165 2649 et
187 2609 286 2672 quam
308 2587 464 2653 falciferos
486 2595 648 2652 armatum
672 2587 842 2652 escendere
865 2608 985 2651 currus.

131 2687 206 2752 inde
228 2689 324 2754 boves
347 2689 435 2754 lucae
457 2689 575 2754 turrito
597 2711 737 2774 corpore,
760 2697 891 2765 taetras,

132 2791 356 2877 anguimanus,
377 2792 456 2858 belli
478 2793 658 2858 docuerunt
680 2794 811 2858 volnera
834 2791 934 2857 Poeni

130 2895 264 2960 sufferre
287 2905 321 2961 et
342 2919 477 2984 magnas
499 2896 614 2962 Martis
636 2897 767 2962 turbare
790 2905 944 2962 catervas.

131 2998 179 3062 sic
200 2999 266 3064 alid
289 3021 328 3064 ex
351 3001 414 3065 alio
436 3001 563 3087 peperit
586 3001 745 3066 discordia
766 3001 878 3078 tristis,
1170 3014 1247 3081 1305

134 3105 285 3170 horribile
308 3107 458 3171 humanis
480 3107 566 3192 quod
587 3106 742 3193 gentibus
764 3114 849 3171 esset
871 3106 906 3170 in
928 3105 1034 3183 armis,

133 3208 233 3294 inque
255 3208 324 3275 dies
347 3210 425 3275 belli
446 3211 623 3276 terroribus
645 3209 772 3275 addidit
794 3231 943 3296 augmen.

177 3311 393 3397 Temptarunt
416 3311 515 3378 etiam
538 3321 647 3378 tauros
670 3313 705 3377 in
728 3333 876 3376 moenere
899 3310 977 3376 belli

133 3415 322 3501 expertique
344 3438 418 3481 sues
439 3438 551 3506 saevos
573 3425 651 3481 sunt
674 3416 806 3480 mittere
828 3415 863 3479 in
886 3413 996 3479 hostis.

133 3525 167 3581 et
190 3517 311 3583 rafidos
332 3518 452 3603 partim
474 3541 551 3604 prae
574 3541 607 3583 se
630 3518 746 3583 misere
769 3518 878 3582 leones
1170 3531 1253 3594 1310

52 3750 129 3802 added
140 3751 174 3815 by
184 3751 255 3803 Brix.
267 3752 342 3805 Pont.
357 3753 422 3804 Mar.
493 3753 556 3804 1285
566 3755 672 3818 flammo
683 3760 758 3816 etque
770 3752 792 3802 B
804 3765 868 3804 corr.
883 3751 953 3802 Flor.
965 3753 996 3801 sl
1009 3751 1098 3802 Gamb.
1110 3751 1194 3804 41111.
1209 3752 1250 3802 for

49 3837 206 3899 flammotqae
218 3837 296 3898 toreca
323 3837 442 3898 flammae
452 3844 528 3900 atque
540 3836 604 3886 Mar.
617 3836 726 3898 Nauger.
739 3834 831 3885 Iramb.
844 3839 891 3886 eto.
1006 3835 1069 3885 1294
1086 3835 1250 3898 obprobrium.

52 3919 177 3968 0111111011
187 3916 223 3967 111
234 3916 279 3967 the
290 3917 608 3970 mss.ofMaerob.sat.v1
621 3918 635 3966 1
647 3918 687 3977 63,
695 3916 805 3967 eollated
816 3917 849 3979 by
859 3916 953 3967 Ianus:
971 3930 987 3966 a
998 3914 1101 3966 euricus
1111 3914 1247 3967 1111111011.

50 3997 124 4051 [sach.
139 3996 197 4048 who
207 3997 340 4061 depended
350 4012 385 4048 on
396 4012 431 4048 an
442 3998 486 4049 old
496 3997 594 4049 edition
605 3998 633 4049 of
647 3998 802 4057 Macrobius,
814 3997 837 4048 is
848 3997 979 4047 mistaten
992 3997 1020 4047 in
1035 3996 1176 4060 supposing
1190 3995 1250 4048 that

44 4082 174 4132 0111111111
189 4077 213 4129 is
228 4083 276 4130 not
292 4079 338 4131 the
353 4094 402 4130 ms.
416 4079 529 4144 reading.
631 4081 695 4132 1297
711 4087 844 4130 arrectam.
878 4087 1019 4144 reppertam
1030 4079 1122 4129 Isamb.
1134 4083 1182 4131 eto.
1197 4078 1250 4130 and

48 4163 110 4215 1901
123 4165 252 4215 tacentum
262 4163 327 4214 Mar.
339 4162 412 4213 Junt.
423 4162 514 4214 Lamb.
527 4165 575 4213 stc.
587 4163 627 4214 for
638 4171 775 4215 crnrotcmz
793 4162 856 4214 both
867 4162 982 4213 needless
993 4162 1114 4226 changes.

79 4245 145 4296 1900
162 4247 258 4310 biturca
274 4244 357 4296 Faber
372 4245 414 4296 101
429 4246 530 4308 biiupo:
548 4247 633 4308 biiapo
647 4245 736 4295 makes
751 4245 797 4295 the
814 4243 992 4294 construction
1007 4243 1144 4307 extremely
1158 4242 1249 4304 harah,

47 4326 108 4387 and.
119 4340 149 4378 aa
159 4326 242 4379 Faber
253 4340 320 4391 says,
331 4325 379 4377 has
390 4340 463 4376 come
474 4326 542 4376 from
555 4327 626 4378 1209.
731 4327 794 4376 1902
806 4333 900 4376 taetrae
914 4324 1009 4391 (tetras)
1021 4325 1102 4376 Laeh.
1113 4325 1154 4375 101
1163 4332 1250 4376 1111011

42 4407 150 4473 rightly,
161 4422 203 4460 see
214 4409 286 4461 lese.
413 4408 477 4458 1310
484 4410 589 4472 partim.
622 4409 715 4458 Pcrttt
728 4408 815 4459 (lamb.
828 4409 843 4456 2
855 4407 913 4459 Vat.
925 4426 931 4460 :
949 4421 965 4457 a
976 4406 1082 4469 reading
1093 4405 1204 4470 adopted
1215 4405 1250 4470 by
