2804 4786
690 107 720 169 V

188 295 228 338 ex
250 272 385 338 ineunte
407 294 487 338 aevo
507 294 612 359 genus
633 273 668 338 id
689 281 799 338 tutata
820 295 994 338 reservans.

188 374 356 460 multaque
379 383 465 453 sunt,
488 375 581 442 nobis
603 397 642 440 ex
665 375 812 439 utilitate
833 396 893 439 sua
916 396 1000 460 quae

188 478 414 543 commendata
436 487 578 554 manent,
600 477 724 543 tutelae
746 478 869 544 tradita
890 486 1030 544 nostrae.

189 581 347 668 principio
368 603 473 669 genus
494 603 567 646 aere
589 581 719 646 leonum
742 603 904 666 saevaque
926 581 1032 646 saecla

189 692 330 749 tutatast
352 684 463 760 virtus,
486 682 595 769 volpes
617 683 710 748 dolus
733 693 767 749 et
790 684 868 770 fuga
890 705 1008 749 cervos.

188 795 224 851 at
247 786 424 851 levisomna
444 808 562 851 canum
583 786 649 850 fido
671 808 745 851 aum
767 795 897 873 pectore
919 787 1016 851 eorda

190 899 224 954 et
246 912 348 977 genus
371 912 465 955 omne
487 889 572 975 quod
595 899 645 954 est
667 889 812 954 veterino
834 890 958 955 semine
981 900 1115 976 partum

190 993 416 1080 lanigeraeque
438 993 536 1058 simul
557 993 698 1079 pecudes
720 1002 754 1059 et
776 994 894 1059 bucera
916 995 1022 1060 saecla

192 1096 300 1159 omnia
321 1104 399 1161 sunt
421 1095 589 1160 hominum
612 1095 736 1161 tutelae
758 1095 889 1172 tradita,
912 1095 1060 1163 Memmi

192 1221 267 1263 nam
290 1200 406 1286 cupide
429 1201 540 1287 fugere
563 1201 645 1265 feras
667 1223 845 1286 pacemque
868 1209 979 1265 secuta

191 1314 269 1369 sunt
292 1313 326 1369 et
349 1304 438 1392 larga
459 1327 518 1370 suo
539 1305 609 1370 sine
631 1305 752 1391 pabula
773 1314 867 1391 parta
889 1305 1007 1382 labore,

193 1428 276 1491 quae
298 1405 414 1472 damus
435 1406 591 1472 utilitatis
612 1429 723 1472 eorum
747 1407 889 1492 praemia
910 1430 1016 1472 eausa.

193 1518 229 1574 at
252 1510 324 1596 quis
346 1511 394 1575 nil
416 1511 531 1575 horum
553 1510 671 1575 tribuit
694 1520 819 1588 natura,
841 1533 901 1576 nec
923 1511 995 1597 ipsa

192 1623 308 1699 sponte
330 1636 390 1679 sua
410 1624 542 1700 possent
564 1624 603 1680 ut
625 1615 732 1680 vivere
754 1637 814 1680 neo
834 1615 912 1679 dare
935 1615 1029 1680 nobis

193 1717 373 1782 utilitatem
396 1718 539 1803 aliquam
561 1739 660 1804 quare
682 1727 869 1803 pateremur
891 1739 1004 1782 eorum

193 1820 353 1905 praesidio
375 1829 484 1885 nostro
505 1820 594 1906 passi
615 1842 719 1907 genus
742 1842 877 1905 esseque
898 1827 1021 1897 tutum,

194 1920 318 1985 seilicet
339 1921 419 1985 haee
440 1920 513 1986 aliis
534 1922 672 2007 praedae
694 1920 846 2006 lucroque
868 1921 1020 1986 iacebant

195 2023 388 2111 indupedita
409 2025 476 2089 suis
498 2025 652 2090 fatalibus
674 2025 782 2090 omnia
804 2024 930 2102 vinclis,

196 2125 296 2191 donee
319 2127 360 2191 ad
381 2127 552 2192 interitum
573 2150 677 2214 genus
699 2128 733 2192 id
755 2137 874 2192 natura
895 2127 1031 2214 redegit.

240 2229 305 2294 Sed
327 2253 433 2317 neque
456 2231 613 2297 Centauri
635 2233 775 2308 fuerunt,
798 2254 858 2296 neo
880 2242 1027 2317 tempore
1049 2231 1085 2296 in
1107 2231 1175 2296 ullo

198 2352 266 2396 esse
289 2342 414 2418 queunt
436 2335 558 2420 duplici
579 2343 697 2399 natura
718 2343 753 2400 et
775 2356 904 2420 corpore
927 2334 1005 2400 bino

198 2456 237 2498 ex
259 2434 449 2522 alienigenis
471 2437 624 2503 membris
646 2446 821 2523 compacta,
842 2445 987 2524 potestas

198 2535 274 2601 hino
295 2537 385 2602 illino
407 2541 514 2626 visque
535 2550 574 2605 ut
595 2563 660 2605 non
682 2550 733 2606 sat
754 2563 814 2627 par
836 2563 905 2606 esse
926 2541 1066 2628 potissit.

198 2639 233 2704 id
256 2640 332 2707 licet
354 2643 430 2707 hine
452 2645 600 2729 quamvis
622 2645 733 2711 hebeti
755 2667 944 2732 cognoscere
967 2645 1069 2710 corde.

198 2745 357 2832 principio
379 2747 500 2812 oircum
522 2747 628 2813 tribus
650 2748 732 2813 actis
754 2748 894 2835 impiger
913 2748 1011 2828 pannis

200 2848 293 2913 floret
316 2872 399 2927 ecus,
421 2874 503 2936 puer
524 2851 789 2938 hautquaquam3
820 2874 896 2915 nam
918 2873 1014 2938 saepe
1036 2851 1138 2916 etiam
1160 2874 1248 2917 nune

200 2955 302 3020 ubera
322 2977 537 3020 mamma1um
558 2956 593 3019 in
615 2955 736 3020 somnis
758 2955 913 3020 lactantia
935 2962 1078 3040 quaeret.
1256 2934 1368 3019 855

115 3212 209 3256 mutent
221 3205 299 3255 Bern.
312 3205 352 3254 lor
363 3207 455 3255 Mutua
466 3208 512 3269 qui
522 3214 639 3256 uoetueut.
672 3208 765 3257 Mutua
780 3210 945 3270 autumarent
957 3206 1023 3257 Mar.
1034 3205 1093 3256 Ald.
1106 3205 1121 3254 l
1132 3205 1207 3257 sunt.
1221 3189 1365 3257 natali

115 3286 329 3349 saugonnam).
362 3289 502 3349 Mutuaque
512 3288 642 3336 insinuaut
652 3287 731 3337 Laah.
830 3288 975 3338 859tutata
985 3285 1143 3338 Brix.Pont.
1158 3263 1360 3337 Marnulael

115 3369 188 3420 lunt.
200 3367 240 3419 lor
252 3376 315 3420 tuta.
434 3367 481 3418 863
493 3375 518 3417 et
530 3370 597 3431 suga
607 3368 629 3416 B
640 3369 738 3419 Arana.
771 3376 800 3418 ut
806 3371 873 3433 suga
884 3368 907 3418 A
917 3367 989 3418 Niso.
1001 3367 1072 3418 Mon.
1084 3367 1160 3417 Junt.
1275 3345 1360 3418 3⁶5

116 3453 226 3501 vauriae
243 3449 345 3501 Nonius
360 3449 436 3500 Pont.
455 3450 520 3499 Mar.
532 3450 630 3501 Avane.
643 3450 718 3500 Junt.
750 3454 831 3500 ueteri
847 3465 898 3500 aaa
914 3465 977 3500 mss.
1075 3449 1223 3500 saturata
1233 3426 1357 3502 mvl

116 3533 240 3584 inerrata
252 3536 279 3583 to
291 3532 427 3583 ed.3first
439 3532 479 3582 lor
488 3540 596 3582 secutae.
694 3533 741 3584 871
753 3535 793 3582 uil
803 3532 883 3583 Pont.
897 3533 963 3583 Mar.
976 3531 1034 3583 Ald
1049 3530 1150 3582 1Junt.
1162 3531 1292 3590 forata,
1328 3525 1355 3560 ²¹³

117 3616 149 3666 B.
276 3616 325 3666 880
332 3622 444 3679 potestas
455 3616 525 3664 Ha'ua
536 3617 610 3664 illiue
621 3618 685 3678 aisq.
700 3622 728 3664 ut
738 3629 789 3664 ναα
799 3622 840 3664 sat
853 3629 904 3678 ραν
915 3628 966 3663 assa
979 3615 1084 3677 patiam
1095 3611 1145 3662 Ed.
1160 3613 1203 3662 lor
1214 3604 1355 3678 parad&

117 3700 187 3749 Hine
198 3699 272 3748 illiue
281 3713 331 3760 ραν
341 3699 380 3747 aia
392 3704 420 3746 ut
430 3713 481 3746 uou
491 3704 531 3746 aar
545 3697 584 3761 (B,
596 3699 632 3745 ait
642 3696 674 3760 Δ)
684 3712 746 3760 para
758 3711 809 3746 aare
821 3697 939 3760 panaria:
953 3702 1004 3758 ραν
1015 3693 1029 3742 Ι
1040 3708 1146 3744 assume
1156 3708 1210 3744 was
1222 3687 1351 3745 written

118 3779 147 3829 in
158 3778 203 3830 the
213 3778 315 3841 margin
326 3781 354 3828 to
365 3778 424 3828 take
437 3777 481 3828 tha
496 3778 567 3841 place
579 3777 605 3827 ol
622 3776 666 3828 the
678 3778 836 3838 unmeaning
848 3792 919 3840 para,
932 3774 985 3825 and
999 3775 1061 3825 thus
1072 3778 1116 3837 got
1129 3773 1188 3826 into
1204 3774 1250 3826 tha
1260 3757 1349 3826 taff
1394 3830 1397 3843 Ι

119 3876 148 3913 so
160 3861 240 3913 above
252 3863 300 3914 117
307 3877 370 3924 pura
382 3877 432 3911 esse
443 3875 505 3911 mss.
518 3861 558 3910 for
564 3876 616 3924 ραν
626 3875 689 3919 essm
706 3860 758 3910 and
769 3875 791 3909 11
804 3860 867 3912 1017
874 3874 926 3922 ραν
936 3859 977 3909 lor
983 3873 1054 3922 ρανν.
1086 3873 1115 3921 ρ.
1123 3858 1162 3907 H.
1170 3859 1191 3909 i.
1198 3859 1293 3921 partia
1314 3843 1347 3888 ¹⁴⁸

119 3947 142 3995 si
155 3960 207 4009 ραν
218 3959 239 3994 a.
253 3959 281 4008 ρ.
295 3942 375 3994 Laoh.
390 3942 475 3992 whioh
486 3943 500 3992 1
510 3942 603 4006 hardly
614 3941 781 3993 understand.
817 3940 909 3991 Lamb.
920 3940 995 3990 reads
1010 3947 1086 4003 queat
1097 3940 1136 3990 lor
1154 3929 1344 4004 quanam&

119 4028 186 4077 Mar.
202 4024 260 4076 Ald.
281 4026 295 4074 1
313 4023 365 4074 and
383 4025 457 4075 Junt.
474 4023 575 4088 joining
593 4030 705 4087 potestas
721 4021 784 4072 with
800 4021 870 4072 what
886 4020 1013 4086 prosedas,
1030 4020 1083 4071 and
1100 4019 1140 4073 ed.
1159 4022 1175 4070 8
1191 4020 1240 4072 has
1256 4011 1341 4097 ΠΨ

120 4110 195 4158 illiue
208 4122 260 4171 ραν
276 4109 316 4156 uia
332 4113 362 4155 ut
378 4121 429 4156 uou
444 4109 481 4157 sia
498 4121 547 4156 esra
561 4107 672 4169 potissit.
701 4120 730 4168 ρ.
746 4105 784 4152 Η.
801 4106 821 4152 ν’.
835 4105 930 4166 parilis
946 4105 1004 4166 guia
1020 4117 1071 4152 uou
1085 4117 1211 4166 superasse
1224 4089 1336 4166 pamfli

120 4191 197 4241 Bern.
330 4189 379 4239 884
398 4190 586 4253 hautquaquam
601 4186 672 4237 Niso.
690 4188 730 4238 for
747 4189 968 4250 hautquamquam.
1001 4200 1061 4235 uum
1077 4199 1130 4236 om.
1145 4185 1169 4234 A
1184 4183 1255 4236 Niso.
1272 4163 1330 4232 ,ad

113 4273 186 4328 later
200 4282 275 4323 mss:
292 4267 375 4320 henos
389 4272 452 4333 quia
466 4271 562 4321 Arane.
595 4271 658 4332 guia
673 4268 738 4318 Mar.
755 4267 829 4317 lunt.
846 4267 939 4318 Lamb.
955 4268 1004 4316 eto.
1038 4266 1102 4316 aaut
1117 4267 1158 4316 ita
1174 4262 1323 4330 quamquo*
1401 4298 1402 4301 κ
