2834 4792
723 228 759 293 Il

224 389 363 454 efficitur
384 389 539 475 quiddam
562 390 757 476 quadratum
780 413 909 476 unaque
931 391 1046 478 figura,

223 492 443 570 conveniebat,
466 494 561 558 utin
583 494 740 580 quadrato
762 495 922 560 cernimus
944 517 1012 560 esse

223 599 397 664 dissimiles
420 599 547 675 formas,
570 599 619 663 itu
640 621 769 664 cernere
791 599 826 663 in
848 620 985 684 aequore
1008 598 1101 684 ponti

224 710 282 767 aut
304 702 367 766 alio
389 701 424 766 in
447 702 560 788 quovis
583 724 648 766 uno
671 724 814 788 puroque
837 703 942 767 nitore

224 804 395 869 dissimiles
417 804 511 891 longe
534 804 621 869 inter
643 826 677 869 se
699 805 866 890 variosque
889 805 1018 869 colores.

224 915 393 992 praeterea
415 905 461 970 nil
484 906 629 972 officiunt
651 907 845 992 obstantque
867 907 991 993 figmae

225 1008 398 1073 dissimiles
421 1031 484 1094 quo
507 1009 701 1094 quadratum
724 1009 831 1074 minus
853 1032 947 1074 omne
969 1009 1013 1073 sit
1036 1018 1146 1091 extra3

224 1121 260 1177 ut
282 1113 364 1177 varii
386 1135 493 1177 rerum
516 1112 689 1198 inpediunt
710 1112 947 1198 prohibentque
970 1111 1088 1177 colores

225 1216 397 1302 quominus
419 1239 488 1281 esse
511 1239 575 1280 uno
597 1217 699 1302 possit
720 1239 770 1281 res
792 1225 862 1282 tota
884 1217 995 1284 nitore.

269 1320 353 1383 Tum
375 1342 468 1405 porro
490 1342 572 1405 quae
595 1319 685 1384 ducit
708 1328 741 1385 et
763 1319 868 1384 inlicit
890 1327 928 1384 ut
951 1319 1132 1384 tribuamus

224 1418 392 1505 principiis
413 1442 520 1484 rerum
543 1442 787 1505 nonnumquam
809 1441 906 1483 causo
927 1420 1055 1494 colores,

225 1523 351 1600 occidit,
373 1547 412 1589 ex
436 1523 517 1588 albis
540 1523 693 1609 quoniam
716 1546 780 1587 non
803 1523 877 1588 albu
898 1532 1055 1599 creantur,

226 1648 285 1691 nec
308 1649 390 1712 quae
412 1626 506 1713 nigra
527 1627 637 1692 cluent
660 1626 700 1691 de
723 1627 824 1714 nigris
845 1625 902 1691 sed
925 1625 1021 1690 variis
1043 1648 1090 1691 ex.

226 1730 346 1815 quippe
369 1729 490 1794 etenim
514 1730 617 1794 multo
639 1729 811 1816 proclivius
833 1729 1018 1794 exorientur

226 1832 362 1897 candida
384 1832 424 1897 de
447 1833 536 1897 nullo
558 1855 656 1918 quem
678 1833 770 1920 nigro
792 1841 871 1897 nata
892 1832 994 1897 colore

226 1945 284 2000 eut
306 1937 369 2000 alio
392 1937 504 2022 quovis
528 1936 584 2021 qui
606 1950 718 2001 contra
738 1943 864 2022 pugnet
887 1945 921 2000 et
943 1935 1058 2000 obstet.

270 2041 440 2106 Praeterea
463 2041 614 2127 quoniam
636 2051 804 2125 nequeunt
827 2039 895 2104 sine
918 2040 989 2104 luce
1012 2038 1131 2103 colores

226 2167 293 2210 esse
316 2168 421 2231 neque
444 2145 479 2209 in
500 2146 606 2209 lucem
630 2144 775 2209 existunt
798 2142 971 2229 primordie
994 2165 1110 2218 rerum,

225 2249 304 2314 scire
328 2249 404 2314 licet
427 2272 524 2335 quam
548 2249 614 2313 sint
636 2248 725 2312 nullo
748 2247 855 2312 velata
877 2247 988 2311 colore.

225 2353 330 2438 qualis
352 2353 438 2418 enim
462 2352 564 2418 caecis
587 2352 707 2437 poterit
729 2351 814 2417 color
835 2373 904 2416 esse
926 2348 1091 2414 tenebris?

225 2456 347 2520 lumine
370 2456 448 2541 quin
472 2457 541 2541 ipso
565 2463 713 2519 mutatur
734 2463 904 2540 propterea
926 2452 1011 2537 quod

225 2567 313 2622 recta
335 2567 393 2623 aut
415 2559 545 2645 obliqua
568 2580 736 2644 percussus
759 2558 829 2622 luce
851 2556 1009 2643 refulget3

225 2661 336 2745 pluma
359 2660 579 2726 columbarum
602 2684 666 2746 quo
689 2669 783 2746 pacto
805 2660 839 2724 in
862 2660 927 2724 sole
950 2659 1087 2734 videtur,

223 2785 306 2848 quae
329 2763 392 2827 situ
414 2763 551 2828 cervices
574 2765 693 2828 circum
717 2763 897 2849 collumque
921 2769 1072 2840 coronat3

221 2890 361 2952 namque
383 2868 462 2932 alias
484 2869 523 2932 fit
545 2869 596 2933 uti
618 2870 702 2933 eluro
724 2868 766 2933 sit
789 2868 887 2932 rubra
907 2889 1037 2953 pyropo,

221 2970 385 3034 interdum
409 2971 546 3056 quodam
569 2994 664 3036 sensu
687 2972 726 3035 fit
748 2971 799 3035 uti
822 2969 970 3034 videatur

222 3073 308 3138 inter
331 3075 488 3139 curalium
512 3075 623 3139 viridis
647 3076 779 3139 miscere
802 3073 996 3160 zmaragdos.

223 3177 389 3262 caudaque
411 3178 553 3261 pavonis,
577 3179 666 3264 larga
688 3200 762 3242 cum
785 3177 856 3241 luce
879 3176 1004 3261 replete
1028 3183 1086 3249 est,

223 3278 381 3343 consimili
404 3287 511 3342 mutat
534 3280 658 3344 ratione
681 3280 814 3344 obversa
836 3279 975 3357 colores;

168 3473 215 3524 779
233 3487 332 3534 unaque
343 3473 431 3535 fipura
449 3470 519 3521 Nico.
538 3472 578 3521 lor
592 3488 693 3535 umque
704 3474 812 3536 figuras.
848 3488 949 3534 unaque
961 3474 1050 3535 fipura
1065 3479 1102 3522 est
1116 3471 1186 3521 Flor.
1204 3471 1235 3519 31
1251 3469 1340 3520 (lamb.

135 3555 199 3605 Mer.
214 3554 285 3604 lunt.
316 3570 428 3618 ulnaeque
434 3556 535 3618 flyurae
547 3555 638 3604 Lumb.
650 3555 716 3605 after
727 3555 856 3614 Marcium
876 3560 977 3605 ‘contre
989 3553 1204 3627 consuetudinem
1215 3551 1342 3602 Lucretii'

135 3652 194 3699 says
205 3635 286 3685 Lech.
418 3637 545 3687 ‘lSOuliu
556 3635 637 3686 Lech.
650 3637 741 3687 foruli
753 3640 797 3687 in:
815 3652 856 3687 see
868 3639 923 3687 322.
1064 3636 1112 3688 781
1122 3637 1152 3684 in
1162 3649 1270 3698 aequore
1282 3634 1340 3684 Ver.

135 3720 198 3769 Ven.
211 3717 323 3766 Politian
336 3717 368 3781 (7)
381 3717 446 3766 Mer.
458 3717 531 3767 lunt.
544 3719 584 3767 for
595 3721 623 3768 in
634 3734 752 3781 aequora.
853 3721 902 3770 783
912 3721 1005 3769 colores
1017 3717 1086 3768 Nico.
1099 3717 1139 3766 for
1150 3718 1254 3767 calores.

167 3802 213 3853 785
230 3808 303 3849 extra
318 3815 401 3849 seems
416 3800 486 3862 quite
501 3803 681 3864 appropriate:
698 3801 778 3852 Lech.
796 3802 871 3852 reads
882 3817 913 3851 ec
925 3803 973 3851 bis.
1024 3838 1025 3843 ,
1074 3800 1339 3852 resuscitationes

134 3890 163 3932 ul
180 3885 317 3932 iubeamus
334 3881 423 3932 Lemb.
439 3882 491 3931 end
509 3883 620 3934 Turneb.
641 3885 681 3933 for
696 3886 766 3934 ducit
781 3893 806 3934 el
821 3887 924 3934 inlicito
941 3886 1081 3934 tribuamus
1097 3887 1132 3945 (el
1149 3897 1200 3934 om.
1214 3884 1238 3932 A
1248 3881 1337 3944 Nico).

134 3965 204 4012 ducit
215 3965 244 4012 lu
256 3965 355 4012 licitum
367 3969 396 4012 ut
409 3964 547 4012 tribuamus
560 3964 649 4012 (lomb,
682 3972 711 4013 ul
723 3967 842 4014 illicilum
853 3967 897 4015 lroc
910 3967 1048 4014 tribrlamus
1060 3963 1123 4014 Mur.
1138 3962 1211 4013 Junt.

166 4047 214 4098 790
230 4054 347 4096 deantur
364 4047 434 4096 Nico.
453 4048 493 4095 lor
509 4054 616 4098 meatur.
727 4050 774 4100 791
791 4050 843 4099 Nec
860 4065 924 4112 quae
941 4049 1010 4098 Flor.
1028 4049 1060 4098 31
1078 4048 1165 4100 Osmb.
1185 4048 1226 4098 for
1242 4048 1334 4112 Neque.

133 4131 214 4177 variis
231 4143 260 4177 ee
276 4128 351 4177 Wuk.
369 4129 409 4176 for
424 4131 506 4178 vomu
523 4145 560 4180 ea.
604 4133 708 4179 vanata
724 4130 801 4179 Ponl.
843 4134 980 4180 canantur
996 4131 1061 4179 Mar.
1077 4129 1151 4180 Junl.
1194 4131 1300 4179 vadant
1315 4143 1341 4192 se

135 4210 192 4260 Ald.
208 4213 230 4260 1.
317 4211 366 4260 800
376 4213 490 4274 resulpel.
526 4213 631 4275 resoluit
642 4211 722 4263 Lech.
822 4214 870 4263 802
881 4215 996 4263 cervices.
1031 4214 1175 4262 cervicemsl
1185 4211 1298 4274 Brieger.

166 4293 213 4341 803
229 4294 307 4341 rubra
323 4292 389 4342 Flor.
410 4294 441 4341 31
460 4292 549 4344 (lumb.
569 4294 641 4343 Mon.
659 4294 714 4344 Ver.
735 4294 798 4344 Ven.
816 4295 857 4343 for
872 4297 955 4344 rubro.
1055 4295 1245 4344 momeliam
1261 4291 1338 4343 Wnk.

132 4374 173 4424 lor
183 4377 330 4424 caeruleum.
369 4374 417 4424 ‘lo
429 4377 552 4439 beryllum
561 4375 567 4398 ’
577 4375 664 4425 Bentl.
822 4376 871 4426 806
883 4378 955 4439 larya
965 4392 1020 4425 cum
1033 4378 1086 4425 luce
1098 4375 1169 4425 Nico.
1184 4375 1206 4425 B
1220 4389 1287 4427 corr.
1301 4374 1348 4425 for
