2834 4792
104 213 169 277 286
689 209 740 275 VI

191 371 353 438 cernimus
374 394 393 436 e
415 370 508 448 sucis,
530 371 594 435 alio
615 370 736 436 nidoris
759 371 878 438 odores.

105 494 165 558 991
191 483 359 562 praeterea
380 496 510 539 manare
532 473 622 538 aliud
644 496 703 560 per
723 497 802 539 saxa
822 475 962 553 videtur,
1250 497 1318 561 990

191 586 291 663 atque
312 576 402 641 aliud
425 575 529 663 lignis,
551 575 642 641 aliud
664 576 800 640 transire
823 599 881 662 per
902 599 1029 655 aurum,

191 688 391 766 argentoque
414 679 498 744 foras
519 679 609 744 aliud
632 679 780 764 vitroque
803 702 919 746 meare.

191 807 267 849 nam
289 784 388 848 fluere
411 782 471 847 hac
493 783 624 869 species,
645 783 719 848 illac
741 784 826 849 calor
847 784 894 849 ire
917 783 1054 863 videtur,

106 902 168 971 995
193 898 292 972 atque
315 887 388 952 aliis
409 886 493 951 aliut
514 887 612 951 citius
633 889 855 954 transmittere
878 888 1000 954 eadem.

192 991 314 1057 scilicet
336 989 370 1054 id
392 990 463 1055 fieri
484 990 571 1077 cogit
594 1000 712 1055 natura
733 992 859 1056 viarum
1249 1008 1314 1077 995

194 1093 394 1159 multimodis
417 1093 551 1170 varians,
575 1102 614 1158 ut
636 1093 733 1179 paulo
755 1094 955 1158 ostendimus
976 1103 1063 1172 ante,

108 1219 173 1284 990
194 1209 326 1287 propter
348 1199 538 1263 dissimilem
560 1208 711 1262 naturam
734 1207 889 1285 textaque
911 1222 1028 1266 rerum.

107 1306 172 1386 998
238 1300 451 1386 Quapropter,
472 1300 554 1364 bene
578 1301 636 1365 ubi
659 1301 737 1365 haec
759 1300 949 1365 confirmata
970 1310 1070 1387 atque
1092 1301 1198 1367 locata

194 1406 302 1470 omnia
325 1404 531 1469 constiterint
553 1404 645 1469 nobis
667 1413 838 1491 praeposta
859 1415 981 1491 parata,

194 1510 278 1596 quod
301 1518 455 1594 superest,
478 1509 570 1574 facile
593 1509 668 1574 hinc
690 1510 772 1574 ratio
794 1509 951 1575 reddetur
972 1519 1007 1575 et
1029 1510 1135 1576 omnis
1231 1529 1319 1578 1000

194 1635 290 1677 causa
312 1611 446 1697 patefiet
468 1634 551 1696 quae
573 1612 649 1676 ferri
671 1612 814 1698 pelliciat
836 1612 911 1678 vim.

194 1716 352 1803 principio
374 1716 473 1780 fluere
497 1739 514 1780 e
537 1716 644 1802 lapide
667 1716 726 1780 hoc
748 1718 911 1802 permulta
933 1726 1094 1783 necessest

195 1820 319 1886 semina
340 1819 407 1883 sive
430 1828 557 1883 aestum
580 1819 637 1905 qui
659 1819 793 1884 discutit
815 1843 890 1885 aera
911 1820 1025 1907 plagis,

194 1925 280 1989 inter
302 1923 359 2008 qui
382 1921 523 2007 lapidem
546 1923 729 2009 ferrumque
752 1931 801 1987 est
824 1945 963 2010 cumque
985 1924 1116 1989 locatus.

196 2027 255 2091 hoc
277 2027 335 2091 uhi
356 2026 501 2090 inanitur
522 2026 666 2111 spatium
689 2025 876 2110 multusque
900 2027 1017 2091 vacefit
1232 2042 1314 2110 1005

195 2132 230 2196 in
252 2131 358 2196 medio
381 2131 476 2206 locus,
500 2130 663 2216 extemplo
686 2130 861 2215 primordia
885 2130 961 2194 ferri

195 2235 230 2299 in
252 2257 389 2299 vacuum
412 2237 560 2321 prolapsa
582 2235 703 2299 cadunt
725 2233 906 2310 coniuncta,
929 2233 968 2298 fit
990 2241 1093 2319 utque

196 2339 313 2404 anulus
336 2339 404 2424 ipse
427 2348 581 2424 sequatur
604 2348 721 2424 eatque
744 2338 792 2403 ita
814 2360 943 2423 corpore
966 2347 1044 2403 toto.

197 2465 256 2508 nec
279 2465 329 2507 res
352 2442 419 2506 ulla
441 2442 544 2529 magis
566 2442 761 2527 primoribus
783 2464 820 2507 ear
842 2441 1012 2507 elementis

196 2544 388 2630 indupedita
410 2545 477 2609 suis
499 2553 568 2609 arte
591 2567 712 2609 conexa
734 2544 884 2609 cohaeret

197 2672 293 2734 quam
318 2649 415 2712 validi
438 2648 512 2712 ferri
536 2656 652 2712 natura
675 2658 709 2712 et
733 2649 869 2735 frigidus
891 2647 1008 2713 horror.

197 2775 260 2837 quo
283 2752 391 2816 minus
413 2760 462 2816 est
485 2752 613 2830 mirum,
636 2751 722 2836 quod
745 2752 824 2829 dicu,
846 2752 920 2816 ibus
943 2775 982 2816 ex
1005 2751 1175 2816 elementis

197 2877 328 2940 corpora
350 2856 376 2918 si
400 2864 567 2940 nequeunt
590 2877 607 2919 e
631 2855 713 2919 ferro
735 2854 829 2940 plura
852 2862 959 2919 coorta

197 2960 232 3024 in
255 2983 391 3024 vacuum
415 2960 498 3036 ferri,
521 2960 601 3045 quin
622 2960 738 3024 anulus
761 2959 829 3045 ipse
853 2968 1026 3045 sequatur3

197 3062 283 3149 quod
305 3064 390 3139 facit,
413 3072 446 3127 et
470 3064 625 3149 sequitur,
647 3063 748 3127 donec
771 3063 919 3147 pervenit
941 3063 983 3126 ad
1005 3063 1114 3148 ipsum
1234 3079 1315 3146 1015

197 3168 263 3231 iam
286 3167 425 3252 lapidem
449 3167 614 3252 caecisque
637 3167 672 3231 in
694 3189 731 3231 eo
754 3167 962 3253 compagibus
986 3166 1098 3232 haesit

198 3271 258 3335 hoc
281 3271 319 3335 fit
341 3272 428 3335 idem
451 3279 583 3336 cunctas
605 3271 640 3335 in
661 3271 772 3357 partis,
794 3271 881 3336 unde
904 3270 1021 3335 vacefit

197 3397 335 3459 cumque
358 3375 454 3451 locus,
476 3373 544 3438 sive
567 3397 585 3439 e
608 3382 788 3438 transverso
811 3374 878 3438 sive
901 3395 1039 3459 superne

110 3650 161 3698 two
178 3647 237 3697 Vat.
271 3649 364 3697 munda
381 3646 449 3696 Nico.
485 3661 523 3695 rer
540 3649 633 3695 munda
648 3646 740 3696 Lamb.
916 3647 964 3697 986
981 3648 1029 3698 987
1046 3647 1107 3704 aiio,
1126 3648 1237 3709 alioque,
1256 3649 1316 3697 aiio.

112 3732 175 3788 alia,
188 3731 297 3791 alioque,
312 3730 368 3777 olio
378 3728 469 3777 Lamb.
632 3728 680 3777 988
692 3729 821 3779 989=995
833 3728 881 3778 996
895 3728 953 3790 (996
965 3727 1032 3792 997).
1181 3729 1229 3779 991
1242 3730 1318 3792 lionis

111 3811 185 3860 Wak.
199 3809 280 3858 Lach.
292 3810 332 3858 for
348 3811 435 3870 ionia*
459 3811 536 3869 tipnia
553 3808 620 3856 Flor.
634 3808 664 3857 81
683 3808 772 3858 Gamb.
790 3809 855 3858 Mar.
868 3807 926 3857 Ald.
940 3809 954 3856 1
966 3808 1040 3858 Junt.
1070 3823 1118 3870 per
1135 3810 1207 3870 liqna
1223 3808 1314 3860 Lamb.

144 3894 192 3943 997
205 3892 271 3956 (990)
283 3892 340 3940 first
351 3891 441 3953 placed
452 3891 512 3940 here
523 3890 556 3952 by
566 3890 657 3939 Lamb.
669 3894 716 3939 not
727 3891 802 3940 Walr.
935 3891 998 3941 1001
1007 3892 1126 3954 pelliciat
1137 3892 1190 3939 vim
1201 3890 1272 3940 Flor.
1284 3891 1316 3939 31

112 3973 202 4024 (lamb.
215 3974 278 4023 Mar.
293 3974 333 4022 for
340 3974 490 4036 peliciarum
500 3973 531 4030 B,
540 3975 707 4035 perliceotam
717 3972 748 4022 A.
864 3973 928 4023 1006
934 3975 1004 4037 ferri
1014 3973 1084 4022 Flor.
1097 3974 1128 4022 31
1138 3973 1229 4023 Gamb.
1241 3974 1318 4024 Pont.

112 4059 176 4106 Mar.
189 4057 229 4105 lor
235 4057 313 4118 serre.
424 4055 487 4104 1007
492 4055 528 4117 fit
538 4061 615 4116 utque
627 4053 692 4103 Mar.
704 4055 814 4116 Nauger.
827 4054 907 4119 forsit
917 4063 947 4104 ut
958 4057 1011 4118 qui.
1121 4055 1185 4106 1009
1197 4071 1229 4104 cx
1237 4055 1321 4105 added

111 4138 145 4200 by
161 4138 183 4185 B
200 4151 264 4186 corr.
276 4136 345 4185 Flor.
357 4136 388 4184 31
406 4135 481 4184 Pont.
494 4135 558 4183 Mar.
594 4143 651 4184 tunc
670 4135 759 4184 (lamb.
956 4136 1019 4184 1011
1036 4143 1130 4185 natura
1145 4143 1170 4184 at
1187 4135 1263 4186 Walc
1280 4136 1321 4185 ior

111 4226 226 4267 naturae.
363 4216 427 4265 1012
439 4216 505 4277 quod
517 4218 581 4276 dico,
595 4217 650 4264 ihus
662 4231 692 4264 ex
704 4218 829 4265 eiememio
839 4215 888 4267 Ed
904 4216 945 4265 for
956 4217 1023 4278 qaod
1033 4216 1130 4265 dieitur
1141 4231 1172 4265 ex
1183 4217 1318 4268 clementis.

111 4317 159 4363 qao
176 4302 278 4349 deicitur
293 4297 373 4347 Lech.
391 4296 475 4345 which
492 4296 506 4344 I
523 4296 555 4346 do
571 4300 618 4345 not
635 4296 802 4347 understand
838 4299 905 4360 quod
917 4299 998 4360 paolo
1018 4298 1128 4346 dicimus
1148 4305 1208 4346 aute
1228 4298 1320 4347 Lamb.

111 4381 204 4442 wildly.
313 4381 379 4441 qood
390 4381 500 4438 ducitur,
513 4381 554 4442 [err
565 4381 700 4443 clematio]
711 4380 789 4431 Bern.
908 4381 972 4430 1013
982 4396 995 4430 e
1001 4380 1073 4442 ferro
1084 4379 1106 4427 B
1118 4378 1210 4429 Gamb.
1222 4379 1320 4430 Avanc.
