2834 4792
699 207 729 270 V

196 372 450 458 noctivagaeque
472 370 557 434 faces
579 368 659 433 caeli
681 368 894 454 flammaeque
916 368 1071 449 volantes,

196 476 308 542 nubila
329 475 374 540 sol
398 474 517 539 imbres
538 474 594 538 nix
617 473 706 538 venti
729 472 865 537 fulmina
886 473 1010 559 grando

196 590 230 644 et
252 577 357 665 rapidi
380 577 529 642 fremitus
551 585 585 640 et
609 598 774 640 murmura
796 597 914 662 magna
935 575 1107 643 minarum.

240 682 269 747 O
291 704 395 768 genus
417 680 529 744 infelix
552 680 741 754 humanum,
764 678 844 744 talia
865 678 949 744 divis

195 807 268 850 eum
292 783 410 848 tribuit
432 783 518 846 facta
539 792 638 867 atque
654 781 725 846 iras
746 780 897 846 adiunxit
919 781 1068 847 acerbas!
1226 784 1333 865 1193

195 896 333 973 quantos
355 896 427 950 tum
449 885 592 971 gemitus
615 884 676 970 ipsi
698 883 770 960 sibi,
793 893 980 970 quantaque
1001 885 1097 950 nobis

195 990 332 1064 volnera,
355 1010 436 1073 quas
458 987 605 1052 lacrimas
626 1008 779 1073 peperere
802 987 972 1051 minoribu’
994 989 1133 1054 nostris!

195 1116 253 1158 nec
276 1092 380 1179 pietas
403 1091 501 1156 ullast
525 1090 669 1155 velatum
692 1112 787 1175 saepe
809 1088 912 1155 videri

195 1196 313 1261 vertier
335 1194 377 1259 ad
399 1193 539 1280 lapidem
562 1201 661 1279 atque
684 1193 789 1257 omnia
811 1192 960 1258 accedere
982 1193 1025 1258 ad
1047 1217 1120 1260 aras

195 1322 253 1365 uec
276 1297 483 1385 procumbere
507 1296 598 1360 humi
620 1305 819 1382 prostratum
842 1304 876 1360 et
898 1295 1039 1381 pandere
1061 1298 1188 1383 palmas
1230 1294 1342 1362 120<ss

194 1413 270 1467 ante
294 1401 390 1465 deum
414 1400 548 1465 delubra
570 1420 629 1463 nec
651 1420 722 1462 aras
744 1398 902 1485 sanguine
925 1399 1029 1464 multo

194 1526 342 1591 spargere
366 1501 611 1588 quadrupedum
634 1523 692 1565 nec
715 1501 800 1565 votis
822 1512 950 1566 nectere
973 1510 1057 1578 vota,

193 1608 247 1674 sed
272 1629 366 1693 mage
390 1615 505 1692 pacata
527 1628 619 1691 posse
641 1604 750 1669 omnia
773 1615 882 1670 mente
905 1605 998 1670 tueri.

194 1735 267 1776 narn
291 1732 365 1774 cum
388 1707 580 1794 suspicimus
602 1707 712 1794 magni
735 1707 886 1772 caelestia
908 1708 1023 1773 mundi

194 1812 324 1897 templa.
346 1832 444 1896 super
465 1809 632 1894 stellisque
655 1808 851 1875 micantibus
873 1811 1005 1876 aethera
1027 1811 1140 1890 fixum,
1232 1827 1299 1894 1205

193 1928 226 1981 et
250 1915 339 1979 verrit
362 1914 394 1978 in
419 1923 562 1978 mentem
584 1912 659 1976 solis
682 1913 841 1999 lunaeque
863 1914 998 1994 viarum,

192 2032 270 2084 tunc
293 2017 364 2081 aliis
387 2038 537 2102 oppressa
559 2015 652 2080 malis
675 2015 709 2079 in
731 2025 862 2101 pectora
883 2039 960 2082 cura

192 2124 247 2189 illa
269 2143 396 2207 quoque
419 2121 681 2206 expergefactum
704 2129 803 2205 caput
826 2121 948 2207 erigere
971 2123 1054 2201 infit,

192 2250 315 2313 nequae
339 2228 420 2290 farte
442 2225 540 2290 deum
564 2225 654 2289 nobis
677 2225 823 2291 inmensa
845 2236 989 2313 potestas

189 2331 241 2405 sit,
265 2329 351 2393 vario
374 2337 463 2392 urotu
486 2350 569 2413 cquae
592 2327 729 2393 candida
750 2328 855 2393 sidera
878 2340 992 2395 verset.
1228 2352 1303 2400 1210

192 2442 332 2516 temptat
355 2431 440 2494 euim
464 2429 596 2495 dubiam
620 2441 763 2495 mentem
786 2431 921 2497 rationis
943 2443 1081 2520 egestas,

192 2556 387 2620 eupraenarn
413 2533 510 2597 luerit
533 2533 647 2598 mundi
668 2535 822 2620 genitalis
844 2536 941 2622 origo

191 2648 225 2702 et
248 2637 343 2701 sinrul
367 2660 487 2722 ecquae.
510 2637 552 2701 sit
576 2637 649 2701 linis
672 2639 778 2723 quoad
801 2640 928 2704 moenia
950 2641 1064 2706 mundi

192 2741 319 2805 solliciti
344 2752 451 2804 inatus
475 2741 560 2805 hunc
583 2741 706 2826 possint
730 2743 811 2807 serre
835 2743 984 2823 laborem,

191 2869 231 2909 au
256 2845 414 2909 divinitus
436 2856 568 2909 aeterua
590 2844 709 2909 donata
732 2846 837 2911 salute

192 2960 348 3034 perpetuo
372 2948 495 3032 passim
518 2949 589 3012 aevi
612 2948 756 3013 labentia
777 2959 884 3014 tractu

194 3052 330 3116 imuensi
355 3051 475 3115 validas
498 3053 569 3116 aevi
592 3062 797 3118 contemnere
820 3053 903 3119 viris.

194 3167 360 3241 praeterea
383 3155 434 3219 cui
459 3178 521 3220 uun
544 3155 672 3220 animus
695 3156 863 3221 frannidine
885 3158 997 3223 divum

193 3257 403 3331 contrabitur,
425 3259 477 3322 eui
501 3281 563 3323 uon
587 3272 758 3347 correpunt
780 3263 925 3328 membra
946 3286 1072 3349 pavore,

193 3363 337 3427 lirlruinis
360 3363 503 3428 horribili
526 3386 600 3427 auur
623 3365 718 3450 plaga
741 3365 861 3431 torrida
883 3367 980 3432 tellus
1229 3390 1307 3437 1220

192 3465 363 3529 contremit
387 3474 420 3528 et
443 3488 596 3551 maguum
621 3477 811 3550 percurrunt
834 3491 1000 3533 murmura
1021 3471 1172 3538 caelum?

193 3592 256 3633 uon
280 3569 389 3654 prpuli
412 3580 589 3656 gentesque
613 3580 768 3647 tremunt,
790 3594 944 3658 regesque
966 3575 1099 3660 superbi

191 3671 368 3757 corripiunt
390 3671 501 3736 divum
525 3673 668 3758 percussi
689 3674 834 3738 membra
856 3676 980 3755 timore,

104 3943 222 4007 poetical.
322 3944 385 3994 1188
395 3945 441 3992 ml.
476 3959 514 3992 urs
525 3943 616 3993 Lamb.
717 3946 781 3996 1188
793 3946 870 3994 alluat
880 3946 999 3996 wehtam.
1031 3949 1087 3998 ulla
1098 3951 1234 4002 celatum
1243 3967 1303 4002 msa

106 4026 157 4076 aad
173 4025 227 4078 sals.
240 4026 326 4076 belore
343 4026 407 4075 Mar.
421 4024 475 4076 and
490 4025 548 4075 Ald.
566 4027 589 4074 1.
688 4027 752 4076 1203
764 4034 861 4090 pacoro
876 4027 951 4077 lunt
969 4029 1026 4092 (not
1040 4029 1116 4081 Pont
1130 4047 1161 4081 or
1176 4033 1253 4100 Mar.)
1269 4035 1307 4084 for

105 4110 222 4171 placato:
245 4122 261 4157 a
281 4120 416 4170 rreeesaary
433 4107 576 4157 conection
596 4106 680 4156 which
697 4107 809 4169 Nauger.
825 4108 927 4171 reiecta,
948 4107 996 4158 but
1014 4109 1108 4161 mma.
1127 4112 1169 4163 ad.
1188 4115 1206 4163 2
1224 4114 1277 4166 and
1292 4117 1307 4165 8

107 4187 226 4251 pnqterlr
237 4187 338 4250 adopts.
437 4188 502 4240 120⁷
513 4189 539 4237 ia
548 4196 660 4251 pectora.
692 4190 721 4238 ia
728 4196 828 4252 pectore
838 4188 898 4238 ald.
911 4190 924 4238 1
935 4189 1009 4241 June
1021 4191 1141 4244 followed
1152 4193 1189 4259 by
1200 4196 1305 4260 Naugar.

107 4269 197 4319 hamb.
209 4268 305 4318 Creeolr
315 4272 364 4319 cta
375 4272 445 4319 most
455 4268 586 4332 absurdly.
685 4270 749 4319 1214
762 4272 873 4320 Solliciti
883 4271 970 4321 Bsnll
981 4271 1022 4322 iar
1031 4275 1070 4323 Et
1080 4278 1168 4326 moiri:
1185 4277 1222 4328 ha
1231 4279 1306 4329 τοίω

107 4356 133 4400 lo
146 4366 154 4399 1
167 4351 215 4399 tlt
225 4348 399 4399 mdrr1088.
431 4352 469 4400 Er
483 4353 550 4400 tanti
565 4364 614 4401 oue
625 4351 683 4402 vna
697 4350 755 4403 Ala
771 4351 886 4402 lImmb.
1020 4355 1085 4406 lm
1100 4358 1229 4410 Malaia
1244 4360 1305 4410 liar,
