2834 4792
728 235 746 298 Ι

190 395 319 463 eredere
340 416 432 481 posse
454 393 609 468 animum,
632 394 739 459 victus
762 394 884 459 fateare
905 404 1067 460 necessest

192 523 260 567 esse
283 522 321 565 ea
343 521 426 586 quae
448 498 548 562 nullis
569 498 635 562 iam
658 499 807 583 praedita
828 498 975 584 partibus
997 507 1111 564 extent

192 612 226 669 et
249 603 384 668 minima
406 609 555 667 constent
576 609 701 667 natura
746 624 829 688 quae
851 602 1004 688 quoniam
1025 612 1111 680 sunt,

192 709 248 773 illa
270 728 397 793 quoque
419 727 488 770 esse
510 705 572 770 tibi
594 704 696 770 solida
716 715 815 791 atque
837 714 970 771 aeterna
991 706 1167 772 fatendum.

192 811 332 898 denique
355 811 382 877 si
406 810 556 875 minimas
577 810 612 874 in
633 811 736 896 partis
757 819 875 875 cuncta
895 809 1012 874 resolvi
1224 802 1230 811 ’

193 938 306 1003 cogere
328 921 512 981 consuesset
533 935 642 978 rerum
663 923 782 978 natura
803 913 953 989 creatrix,

193 1020 258 1085 iam
281 1019 327 1084 nil
351 1041 390 1084 ex
412 1017 478 1083 illis
500 1016 614 1082 eadem
636 1038 786 1103 reparare
808 1016 931 1081 valeret

195 1130 364 1209 propterea
385 1120 472 1207 quia,
494 1142 577 1206 quae
599 1120 698 1184 nullis
720 1129 797 1186 sunt
819 1120 967 1206 partibus
988 1129 1092 1194 aucta,

195 1246 258 1289 nou
281 1234 417 1309 possunt
439 1245 477 1287 ea
500 1244 583 1308 quae
604 1221 703 1287 debet
725 1222 878 1309 genitalis
900 1221 1018 1287 habere

197 1327 355 1403 materies,
379 1327 483 1392 varios
505 1348 644 1391 conexus
666 1327 808 1411 pondera
830 1326 945 1413 plagas

195 1453 366 1496 corruamus
388 1440 504 1509 motus,
527 1452 585 1515 per
607 1451 689 1515 quae
711 1451 762 1494 res
782 1452 930 1516 quaeque
951 1439 1117 1518 geruntur.

241 1533 445 1621 Quapropter
467 1533 523 1619 qui
546 1533 715 1597 materiem
737 1555 845 1598 rerum
868 1556 936 1599 esse
958 1542 1117 1620 putarunt

198 1636 305 1721 iguem
328 1648 427 1722 atque
450 1658 489 1700 ex
512 1636 581 1723 igni
604 1658 763 1701 summam
785 1637 958 1702 consistere
980 1637 1056 1714 solo,

199 1760 314 1825 magno
336 1760 432 1826 apere
454 1762 475 1804 a
496 1761 572 1804 vera
594 1739 675 1824 lapsi
697 1739 821 1804 ratione
843 1740 1004 1807 videntur.

202 1842 384 1908 Heraclitus
406 1842 469 1908 iuit
490 1864 625 1929 quorum
648 1843 714 1907 dux
737 1842 858 1927 proelia
879 1843 1011 1928 primus,

198 1945 301 2010 calmas
323 1946 358 2013 ob
380 1944 547 2010 olmcuram
572 1945 716 2031 linguam
739 1945 842 2031 magis
863 1945 950 2010 inter
971 1945 1076 2011 inanis

201 2048 340 2136 quarude
362 2048 470 2135 gravis
491 2047 578 2113 inter
600 2047 712 2113 Graios
734 2048 792 2134 qui
814 2070 889 2114 vera
910 2048 1089 2134 requirunt.

202 2152 309 2218 aarum
332 2153 418 2218 cuim
441 2152 551 2217 stolidi
574 2153 678 2239 magis
698 2152 902 2217 admirantur
922 2162 1105 2239 amantque,

202 2257 335 2323 inversis
357 2278 441 2342 quae
463 2255 524 2320 sub
548 2255 653 2320 verbis
676 2255 844 2321 latitantia
866 2265 1013 2333 cernunt,

202 2384 339 2447 veraque
362 2360 566 2426 coristituuut
589 2382 671 2445 quae
694 2359 778 2425 belle
800 2368 934 2446 tangere
955 2369 1091 2446 possunt

202 2464 288 2529 aruis
311 2473 345 2528 ot
369 2463 474 2548 lepido
495 2485 578 2549 quae
601 2472 678 2527 sunt
700 2464 808 2527 fucata
829 2484 949 2529 sonore.

249 2566 333 2631 Nam
357 2588 414 2633 cur
437 2576 504 2632 tam
528 2565 634 2630 variae
656 2588 707 2630 res
729 2565 853 2653 possint
875 2588 944 2632 esse
965 2567 1101 2653 requiro,

203 2693 242 2735 ox
267 2693 330 2735 {aaa
352 2671 379 2734 si
402 2680 479 2736 suut
501 2669 568 2757 igni
592 2692 735 2757 puroque
758 2680 906 2751 creatae3

204 2773 248 2839 uil
273 2773 436 2859 prodesset
456 2774 545 2845 euim
568 2773 709 2838 calidum
731 2772 894 2839 denserier
916 2774 1025 2861 ignem

204 2898 261 2940 trau
285 2875 432 2951 ramliori,
455 2875 482 2941 si
505 2884 614 2962 partes
635 2874 720 2960 ignis
741 2874 877 2941 eandem

205 2989 352 3045 mtturam
376 3002 474 3066 quma
497 2989 587 3045 totus
609 2979 708 3045 habet
730 3001 828 3066 super
849 2979 935 3067 ignis
957 2979 1123 3044 haberent.

204 3083 305 3149 acrior
326 3082 419 3149 ardor
441 3084 528 3149 euim
551 3083 719 3149 conductis
740 3084 888 3170 partibus
910 3093 1004 3162 esset,

206 3185 386 3273 laurguidior
408 3208 500 3273 porro
522 3185 666 3253 disiectis
688 3185 802 3273 disque
826 3186 970 3273 supatis:

206 3289 345 3377 amplius
367 3290 427 3355 hoc
449 3290 519 3356 lieri
541 3290 587 3355 uil
610 3300 661 3356 est
683 3289 772 3377 quod
793 3311 886 3375 posse
908 3287 1007 3354 rearis

204 3394 325 3461 talibus
348 3394 382 3459 iu
405 3395 517 3471 causis,
540 3395 661 3459 nedum
684 3394 844 3461 variantia
865 3415 973 3458 rerum

205 3506 298 3565 tauta
320 3506 419 3584 queat
440 3495 549 3563 densis
570 3497 714 3582 rarisque
736 3518 777 3562 ex
797 3495 930 3583 ignibus
951 3515 1028 3559 esse.

205 3600 238 3669 id
262 3622 398 3689 quoque,
420 3599 447 3665 si
470 3599 591 3665 faciant
612 3599 796 3664 admixtum
817 3598 914 3663 rebus
935 3596 1048 3674 inane·

206 3702 332 3769 denseri
354 3710 508 3789 poterunt
531 3701 623 3789 ignes
645 3701 772 3787 rarique
794 3699 941 3786 relinqui

206 3807 262 3873 sod
285 3805 362 3893 quia
384 3806 489 3871 multa
510 3805 573 3870 sibi
594 3815 732 3871 cernunt
754 3804 913 3869 contraria
933 3801 1024 3868 nasci

119 3991 195 4036 secat.
296 3981 344 4033 666
355 3996 419 4045 quae
430 3996 468 4032 ree
480 3980 546 4032 Mar.
558 3981 632 4032 lunt.
645 3981 685 4030 tor
695 3995 759 4045 quas
770 3995 817 4029 res.
915 3978 963 4030 669
975 3979 1005 4029 ot
1014 3976 1099 4028 added
1108 3976 1143 4040 by
1152 3976 1254 4029 Festus

171 4066 279 4133 tltjur
292 4066 391 4129 petulat
408 4077 458 4114 esse
474 4064 640 4129 requim,...el
654 4070 713 4113 caat
727 4061 776 4112 ud„
791 4062 832 4112 for
845 4077 891 4111 car
903 4065 1024 4125 ponuat!
1042 4062 1143 4125 requiro
1156 4063 1220 4111 eta:
1237 4075 1325 4126 comp.

121 4146 202 4201 ebora
219 4146 267 4197 666
283 4146 331 4198 696
348 4143 400 4195 aud
415 4145 471 4196 699.
589 4143 637 4193 646
653 4157 703 4193 uno
719 4142 741 4191 Β
759 4157 821 4193 corr.
841 4141 977 4191 Tumelrua
992 4139 1085 4193 Lama
1096 4139 1136 4192 ed.
1154 4141 1179 4203 6,
1191 4140 1273 4193 heca
1284 4142 1328 4193 lor

123 4243 176 4280 uro.
252 4243 310 4279 cero
320 4228 343 4278 A
354 4241 418 4277 corr.
430 4226 502 4277 Nico.
513 4225 583 4276 Flor.
595 4226 626 4274 61
638 4224 728 4275 Gamb.
738 4223 798 4274 Vat.
810 4223 901 4275 Lamo
914 4221 956 4275 ed
967 4223 983 4273 1
993 4221 1048 4273 and
1056 4224 1083 4283 2.
1092 4220 1197 4275 Onosis.
1276 4223 1328 4277 649

124 4311 239 4362 habeant
250 4309 320 4361 Nico.
335 4307 487 4359 lethalem
499 4309 528 4369 Δ,
543 4308 632 4357 habers
643 4306 666 4356 B
678 4306 750 4356 Gott.
858 4305 906 4355 661
915 4304 1031 4355 Mettis
1039 4300 1163 4373 mk
1174 4316 1240 4355 corr.
1254 4303 1326 4355 uror.

123 4390 156 4443 60
171 4405 234 4443 corr.
248 4390 289 4442 tor
304 4391 474 4453 deiectaque.
573 4387 622 4440 669
638 4390 709 4438 aarcl
725 4385 775 4437 Ed
789 4385 829 4436 lor
844 4400 912 4437 mc
927 4385 1015 4466 Δφι
1027 4382 1053 4435 B
1066 4382 1140 4453 ueta
1171 4383 1239 4449 ff!
1253 4387 1326 4436 word

1100 4588 1118 4621 ''-
1134 4620 1137 4625 ,
1144 4594 1189 4623 921·

1090 4648 1094 4653 ·
1102 4634 1135 4667 Ἦ
1141 4624 1179 4665 ἘΓ
1184 4630 1197 4661 ²2
