2834 4792
469 888 509 962 T.
546 887 776 963 LUORETI
810 887 938 964 CARI

340 1156 428 1240 DE
478 1156 722 1241 RERUM
773 1157 1057 1244 NATURA

509 1437 643 1497 LIBER
672 1438 899 1499 SECUNDUS

187 1830 303 1906 Suave,
327 1829 408 1893 mari
431 1851 548 1915 magno
571 1829 781 1894 turbantibus
803 1851 943 1916 aequora
965 1830 1078 1907 ventis

186 1957 203 1998 e
226 1944 312 1999 terra
335 1956 489 2020 magnum
512 1934 647 1999 alterius
670 1943 816 2019 spectare
839 1934 999 2016 laborem;

185 2062 249 2103 non
272 2039 348 2124 quie
371 2039 479 2104 vexari
502 2048 730 2124 quemquamst
753 2039 894 2103 iucunda
918 2039 1075 2124 voluptas,

187 2143 242 2207 sed
265 2143 383 2228 quibus
405 2143 474 2228 ipse
498 2142 592 2207 malis
614 2164 722 2206 careas
745 2141 822 2226 quia
843 2163 972 2207 cernere
995 2164 1093 2207 suave
1117 2151 1175 2208 est.

144 2251 165 2312 6
187 2270 284 2312 suave
307 2246 407 2311 etiam
429 2246 507 2311 belli
529 2247 706 2311 certamina
727 2268 847 2332 magna
868 2246 954 2311 tueri

147 2367 162 2434 5
187 2375 245 2438 per
266 2373 396 2437 campos
417 2351 578 2417 instructa
601 2361 660 2416 tua
681 2351 750 2416 sine
772 2360 865 2438 parte
888 2351 1006 2437 pericli.

187 2454 242 2519 sed
264 2454 311 2518 nil
333 2454 459 2519 dulcius
481 2463 540 2531 est,
562 2454 644 2519 bene
667 2476 765 2540 quam
788 2454 916 2519 munita
938 2464 1048 2519 tenere

187 2557 276 2622 edita
298 2555 444 2621 doctrina
465 2559 649 2642 sapientum
673 2558 796 2644 templa
817 2579 939 2635 serena,

187 2661 350 2746 despicere
373 2659 458 2725 unde
481 2683 581 2745 queas
603 2660 683 2724 alios
705 2660 888 2746 passimque
911 2661 1020 2726 videre

188 2785 292 2827 errare
315 2771 413 2848 atque
437 2763 522 2826 viam
545 2763 686 2849 palantis
709 2785 861 2847 quaerere
884 2763 979 2840 vitae,

188 2875 310 2931 certare
332 2864 471 2952 ingenio,
493 2866 685 2930 contendere
708 2864 888 2942 nobilitate,

188 2979 299 3034 noctes
320 2978 420 3055 atque
443 2969 512 3034 dies
533 2970 597 3034 niti
619 2978 805 3055 praestante
828 2970 935 3035 labore

188 3075 229 3139 ad
252 3097 393 3138 summas
415 3097 579 3160 emergere
601 3098 678 3160 opes
700 3097 871 3160 rerumque
893 3075 999 3160 potiri.

189 3200 207 3241 0
229 3176 362 3242 miseras
384 3177 551 3240 hominum
575 3187 709 3254 mentes,
731 3200 750 3242 0
772 3186 902 3263 pectora
924 3183 1037 3242 caeca!

190 3279 339 3365 qualibus
361 3278 395 3342 in
418 3277 561 3343 tenebris
583 3279 670 3344 vitae
694 3279 889 3365 quantisque
911 3279 1039 3365 periclis

189 3383 320 3470 degitur
342 3383 401 3448 hoc
423 3383 495 3447 aevi
517 3382 791 3468 quodcumquest!
820 3405 926 3448 nonne
948 3383 1057 3447 videre

189 3487 236 3551 nil
257 3486 347 3550 aliud
369 3485 432 3550 sibi
454 3495 605 3550 naturam
628 3485 754 3563 latrare,
775 3485 839 3550 nisi
861 3485 957 3571 utqui

189 3612 319 3676 corpore
341 3590 506 3655 seiunctus
528 3590 618 3654 dolor
639 3590 734 3669 absit,
756 3600 866 3656 mente
890 3592 1016 3655 fruatur

152 3753 167 3802 5
179 3751 231 3801 and
242 3751 258 3801 6
269 3749 366 3813 rightly
377 3749 530 3813 transposed
541 3750 576 3813 by
586 3749 724 3800 Avancius.
845 3752 876 3799 12
884 3758 1029 3814 praestante
1036 3753 1138 3814 plobore
1149 3751 1203 3800 AB.
1233 3767 1296 3816 prce

103 3842 196 3884 stantes
209 3848 272 3897 prae
290 3833 373 3881 labore
390 3831 460 3880 Nice.
477 3846 503 3894 p.
521 3846 555 3882 m.
742 3831 774 3881 16
789 3848 870 3882 aenae
886 3834 970 3882 videre
988 3833 1032 3880 AB
1050 3833 1122 3881 Gott.
1139 3831 1225 3882 which
1242 3832 1293 3884 ait

102 3913 218 3964 followed
235 3913 325 3975 taeitly
340 3910 376 3975 by
392 3911 482 3961 hamb.
500 3912 538 3964 ed.
559 3915 583 3972 3,
600 3911 648 3962 has
665 3915 734 3962 most
750 3912 870 3976 properly
883 3912 1006 3964 retained.
1042 3916 1124 3964 videre
1141 3922 1178 3964 eet
1194 3930 1248 3967 was
1263 3915 1295 3966 th

103 4006 222 4043 common
244 3990 359 4052 reading,
379 3989 464 4038 which
483 3989 563 4040 Lech.
590 3990 672 4040 shews
694 3991 770 4041 Lucr.
792 3990 869 4041 could
890 3994 937 4040 not
959 3990 1024 4041 have
1046 3992 1156 4044 written.
1201 3995 1295 4044 ‘videti

104 4074 216 4125 Marull'
234 4087 293 4136 says
310 4071 378 4122 au:
402 4070 454 4121 and
470 4071 499 4121 in
516 4072 571 4125 cod
591 4072 686 4122 Victor.
705 4073 832 4123 Marullus
849 4089 875 4137 p.
892 4088 927 4122 m.
945 4075 1053 4134 videtis3
1076 4089 1098 4126 s.
1110 4091 1145 4127 m.
1159 4077 1245 4126 videre
1262 4083 1295 4126 eat

103 4173 132 4208 as
149 4157 240 4206 June:
262 4156 355 4205 videtis
372 4153 430 4203 Ald.
443 4154 466 4211 1,
479 4153 531 4203 and
547 4153 600 4203 this
615 4155 638 4204 is
653 4155 804 4205 mentioned
819 4171 848 4205 as
864 4171 880 4205 a
894 4170 947 4206 var.
962 4155 1009 4205 lec.
1022 4160 1050 4206 at
1065 4157 1115 4206 end
1127 4156 1156 4206 ol
1169 4157 1260 4209 tuna:
1278 4173 1295 4207 a

103 4238 159 4288 also
176 4235 266 4286 Lamb.
284 4235 324 4285 ed.
343 4236 365 4296 l,
385 4235 431 4285 but
448 4236 532 4285 videre
549 4243 586 4285 eet
603 4235 643 4285 ed.
660 4237 684 4288 2.
813 4237 908 4288 17-19
926 4251 987 4285 mss.
1005 4251 1049 4287 are
1068 4237 1139 4298 quite
1158 4237 1243 4301 right:
1267 4254 1295 4290 se

104 4323 177 4368 notes
194 4320 224 4367 2:
249 4318 279 4368 17
296 4319 379 4380 utqui.
413 4323 442 4366 at
458 4317 501 4365 cui
517 4316 613 4368 Awana.
632 4317 711 4370 hauh.
748 4326 778 4367 at
793 4321 853 4382 quoi
871 4317 924 4369 Gis.
1052 4321 1083 4368 18
1100 4328 1188 4371 utente.
1222 4325 1295 4372 anati
