2834 4792
630 257 680 323 IV

146 445 228 507 quae
250 421 372 486 feriunt
394 422 559 486 oculorum
581 419 667 484 acies
689 418 860 504 visumque
882 418 1053 485 lacessunt.

148 524 346 589 errabundus
368 524 455 588 enim
477 521 570 587 tarde
594 522 686 586 venit
708 544 745 586 ac
767 522 853 607 perit
875 533 951 586 ante

132 629 302 713 ,paulatim
325 627 429 693 facilis
450 627 622 692 distractus
644 627 679 690 in
701 625 784 691 aeris
806 649 918 705 auras;

148 755 186 796 ex
208 734 274 800 alto
297 733 439 819 primum
460 731 538 819 quia
559 731 614 795 vix
637 730 802 795 emittitur
824 753 864 795 ex
887 753 939 794 re:

148 859 220 900 nam
243 837 375 922 penitus
397 836 497 900 flucre
518 844 618 920 atquc
640 832 789 898 recedere
810 832 907 897 rebus
930 833 1042 897 odores

148 939 307 1026 significat
329 938 415 1024 quod
438 939 540 1002 fracta
562 937 665 1024 magis
686 937 829 1001 redolere
851 937 1003 1000 videntur

149 1043 263 1119 omnia,
285 1042 371 1127 quod
393 1041 542 1119 contrita,
565 1040 651 1126 quod
674 1039 744 1125 igni
766 1038 1004 1103 conlabefacta:

148 1145 262 1209 deinde
285 1145 394 1210 videre
416 1144 493 1209 licet
515 1142 692 1207 maioribus
713 1164 782 1207 esse
805 1151 951 1206 creatum

148 1246 313 1332 principiis
335 1269 433 1334 quam
456 1269 527 1323 vox,
550 1245 702 1331 quoniam
725 1266 783 1329 per
804 1266 900 1309 saxea
923 1252 1036 1328 saepta

147 1373 211 1414 non
233 1359 392 1436 penetrat,
415 1372 479 1435 qua
500 1372 562 1413 vox
584 1349 678 1434 volgo
701 1348 889 1433 sonitusque
913 1349 1068 1412 feruntur.

148 1476 244 1539 quare
267 1455 366 1519 etiam
389 1453 476 1539 quod
498 1453 564 1517 olet
586 1475 651 1516 non
674 1461 743 1516 tam
766 1452 859 1516 facile
883 1474 951 1515 esse
975 1450 1099 1516 videbis

148 1556 342 1642 investigare
363 1557 399 1621 in
421 1579 486 1643 qua
508 1556 552 1620 sit
574 1555 704 1642 regione
727 1556 886 1635 locatum3

75 1722 78 1726 ,
121 1659 324 1746 ιΓεΐτίςθεοίῢ
346 1660 433 1724 enim
456 1658 637 1723 cunctando
660 1658 756 1743 plaga
778 1680 835 1743 per
857 1679 952 1721 auras

148 1781 207 1823 nec
229 1759 332 1823 calida
354 1760 395 1823 ad
419 1781 548 1823 sensum
571 1757 747 1822 decurrunt
769 1756 887 1821 nuntia
908 1779 1024 1820 rerum.

148 1870 256 1925 errant
279 1857 373 1947 saepe
396 1883 491 1925 canes
513 1861 624 1944 itaque
648 1868 682 1923 et
705 1859 843 1945 vestigia
865 1867 1034 1943 quaerunt.

192 1964 277 2047 [Nec
299 1973 409 2028 tamen
431 1963 491 2027 hoc
514 1963 588 2026 solis
610 1963 645 2025 in
668 1962 818 2026 odoribus
841 1970 939 2047 atque
962 1984 1111 2047 saporum

146 2067 182 2130 in
202 2076 360 2153 generest,
383 2067 439 2131 sed
461 2067 542 2131 item
565 2067 687 2151 species
710 2088 818 2130 rerum
841 2078 939 2152 atque
962 2067 1080 2131 colores

125 2193 211 2261 ‘non
233 2172 281 2235 ita
302 2171 499 2235 conveniunt
520 2171 562 2234 ad
584 2193 697 2234 sensus
719 2171 869 2235 omnibus
891 2193 1011 2248 omnesr,

146 2282 187 2337 ut
208 2296 273 2338 non
295 2275 361 2338 sint
383 2273 456 2337 aliis
478 2272 638 2358 quaedam
660 2273 764 2359 magis
786 2275 871 2336 acria
894 2274 973 2338 visu.

147 2375 349 2460 quinetiam
371 2376 502 2461 gallum,
525 2384 653 2440 noctem
676 2376 947 2462 explaudentibus
969 2376 1029 2440 alis

143 2502 292 2543 auroram
315 2480 400 2544 clara
421 2487 612 2544 consuetum
635 2501 711 2543 voce
736 2501 857 2555 vocare,

146 2604 254 2646 noenu
277 2593 402 2668 queunt
424 2582 527 2647 rabidi
551 2591 663 2647 contra
685 2595 830 2647 constare
853 2584 960 2648 leones

146 2687 246 2772 inque
268 2687 371 2751 tueri:
400 2686 449 2750 ita
470 2686 623 2750 continuo
646 2685 821 2750 meminere
845 2687 942 2772 fugai,

147 2791 301 2855 nimirum
324 2789 401 2876 quia
423 2798 500 2855 sunt
521 2791 680 2877 gallorum
702 2790 738 2853 in
759 2813 888 2876 corpore
911 2791 1068 2876 quaedam

148 2896 279 2974 semina,
301 2918 383 2980 quae
406 2918 480 2959 cum
503 2904 580 2960 sunt
603 2896 703 2959 oculis
725 2897 857 2960 inmissa
879 2897 1018 2974 leonum,

147 2999 287 3083 pupillas
308 2998 523 3064 interfodiunt
546 3021 716 3085 acremque
738 3000 880 3064 dolorem

148 3101 313 3185 praebent,
335 3108 374 3164 ut
396 3109 559 3186 nequeant
581 3110 692 3165 contra
715 3102 830 3165 durare
853 3103 991 3182 feroces;

124 3226 221 3294 *cum
244 3216 354 3269 tamen
376 3205 455 3268 haec
477 3212 604 3268 nostras
626 3205 710 3268 acies
732 3206 779 3269 nil
802 3206 928 3270 laedere
951 3207 1083 3292 possint,

144 3316 204 3394 aut
226 3310 303 3394 quia
325 3331 389 3372 non
411 3318 585 3394 penetrant
608 3317 667 3372 aut
689 3311 774 3394 quod
797 3311 1044 3395 penetrantibus
1066 3311 1131 3376 illis

147 3411 254 3474 exitus
276 3434 316 3476 ex
339 3412 439 3475 oculis
461 3412 542 3477 liber
564 3412 669 3489 datur,
692 3413 727 3476 in
748 3413 937 3477 remorando
1198 3430 1262 3495 720

148 3514 273 3580 laedere
296 3538 337 3580 ne
359 3515 484 3600 possint
506 3538 546 3580 ex
569 3515 636 3579 ulla
658 3517 784 3580 lumina
805 3518 921 3602 parte]

126 3649 129 3654 ·
192 3618 288 3682 Nunc
310 3641 370 3704 age
394 3640 477 3703 quae
499 3627 651 3682 moveant
673 3619 819 3683 animum
841 3643 892 3683 res
914 3620 1030 3705 accipe,
1053 3630 1087 3685 et
1110 3621 1195 3685 unde

148 3743 231 3805 quae
253 3721 389 3786 veniunt
412 3721 545 3785 veniant
566 3721 602 3784 in
625 3729 768 3786 mentem
792 3723 919 3807 percipe
943 3723 1060 3808 paucis
1142 3797 1145 3801 ¹

147 3823 304 3908 principio
326 3823 387 3887 hoc
408 3823 488 3900 dico,
511 3813 618 3888 rerum
641 3824 812 3888 simulacra
834 3824 944 3910 vagari

147 3929 251 3992 multa
273 3927 378 3991 modis
399 3926 512 3991 multis
534 3928 569 3990 in
592 3936 724 3991 cunctas
746 3929 889 4013 undique
913 3928 1014 4014 partis
1198 3944 1258 4010 725

146 4031 267 4108 tenvia,
289 4053 372 4116 quae
394 4031 487 4095 facile
509 4031 595 4095 inter
617 4053 651 4094 se
674 4032 855 4117 iunguntur
877 4031 911 4094 in
933 4032 1029 4106 auris

64 4133 67 4141 ’
147 4135 241 4199 obvia
263 4158 336 4200 cum
359 4135 505 4212 veniunt,
528 4144 566 4199 ut
588 4136 706 4199 aranea
727 4136 919 4225 bratteaque
942 4135 1020 4199 auri.

64 4331 135 4382 Dicit
145 4328 227 4386 Lech.
238 4328 349 4379 without
360 4345 445 4389 cause.
458 4382 461 4386 ,
577 4331 625 4382 698
636 4339 747 4383 creatum
759 4332 824 4380 Mar.
836 4330 852 4379 J
854 4332 910 4380 unt.
922 4331 962 4379 tor
974 4338 1091 4380 creatam.
1213 4331 1261 4382 699

64 4427 202 4479 [Μωυοω.
232 4413 453 4471 ‚vainsmueta
467 4413 619 4477 perversely.
669 4441 671 4445 ν
721 4415 768 4465 712
779 4415 865 4463 rabidi
877 4413 950 4463 Wak.
963 4414 1002 4462 for
1013 4415 1110 4476 rapidi.
1214 4415 1261 4465 719
