2834 4792
721 183 770 248 VI

237 346 348 433 guttai
370 346 425 410 vix
447 345 550 411 instar
571 354 668 411 erunt
690 347 788 411 unius
809 347 1010 434 adaugmen3

238 471 302 534 quo
324 449 432 514 minus
453 457 504 514 est
524 449 644 513 mirum
667 472 754 515 mare
776 472 841 514 non
863 473 1034 538 augescere
1058 475 1220 539 magnum.

237 560 406 636 praeterea
427 573 580 638 magnam
601 552 648 616 sol
671 560 798 638 partem
820 553 964 618 detrahit
985 563 1087 620 aestu.

237 654 358 740 quippe
380 654 528 720 videmus
551 655 638 720 enim
661 655 761 719 vestis
783 677 894 720 umore
918 656 1078 722 madentis

237 756 395 822 exsiccare
418 757 485 822 suis
506 757 605 822 radiis
627 757 808 822 ardentibu’
831 758 948 823 solem:

236 869 272 926 at
292 862 406 948 pelage
430 860 534 926 multa
555 868 590 926 et
611 862 678 926 late
701 862 865 927 substrata
887 862 1042 928 videmus.

188 1017 190 1021 .
235 967 370 1052 proinde
392 966 468 1031 licet
490 965 638 1052 quamvis
659 989 700 1030 ex
722 989 787 1031 uno
810 989 937 1053 quoque
960 967 1027 1032 loco
1049 968 1096 1033 sol

236 1070 358 1134 umoris
380 1093 511 1155 parvam
534 1070 655 1134 delibet
670 1070 720 1151 ‚ab
741 1058 879 1156 aequore
901 1079 1045 1156 partem;

236 1173 371 1260 largiter
391 1173 426 1237 in
448 1181 541 1238 tanto
563 1174 668 1258 spatio
690 1181 800 1238 tamen
823 1174 947 1238 auferet
970 1174 1073 1240 undis.

236 1284 308 1340 tum
330 1299 423 1362 porro
445 1277 536 1341 venti
558 1299 685 1362 quoque
707 1299 858 1363 magnam
880 1276 992 1342 tollere
1014 1288 1140 1364 partem

236 1381 357 1446 umoris
379 1391 514 1466 possunt
537 1389 700 1446 verrentes
721 1403 868 1467 aequora,
891 1383 997 1447 ventis

236 1506 302 1548 una
323 1493 418 1548 nocte
439 1484 508 1549 vias
531 1485 681 1570 quoniam
704 1507 859 1570 persaepe
881 1485 1029 1551 videmus

235 1587 346 1652 siccari
368 1587 536 1673 mollisque
558 1588 622 1651 luti
644 1609 844 1652 concrescere
867 1596 999 1654 crustas.

235 1698 404 1775 praeterea
425 1689 520 1754 docui
542 1691 684 1755 multum
706 1714 834 1777 quoque
857 1692 970 1757 tollere
991 1692 1096 1757 nubes

237 1816 383 1859 umorem
406 1816 523 1879 magno
545 1804 737 1881 conceptum
760 1818 800 1860 ex
823 1818 960 1882 aequore
982 1796 1075 1882 ponti

235 1904 269 1958 et
290 1895 410 1980 passim
433 1903 504 1960 toto
526 1904 685 1961 terrarum
707 1920 857 1984 spargere
879 1899 913 1962 in
936 1899 1015 1977 orbi,

237 2020 310 2062 cum
332 1998 421 2084 pluit
442 1999 477 2062 in
500 1998 595 2064 terris
618 2007 651 2063 et
674 2000 764 2065 venti
786 2001 899 2065 nubila
920 2009 1059 2087 portant.

236 2112 397 2187 postremo
419 2102 572 2187 quoniam
593 2125 665 2167 raro
687 2125 760 2167 cum
785 2126 913 2189 corpore
936 2105 1034 2170 tellus

236 2214 295 2282 est,
316 2215 351 2271 et
372 2206 583 2283 coniunctast,
605 2229 676 2271 oras
698 2207 795 2271 maris
817 2208 960 2293 undique
983 2210 1123 2297 cingens,

235 2309 341 2386 debet,
365 2310 459 2374 utin
481 2334 570 2376 mare
592 2310 632 2376 de
655 2311 749 2376 terris
771 2313 861 2377 venit
882 2336 975 2377 umor
996 2314 1101 2400 aquai,

236 2414 271 2477 in
293 2422 395 2478 terras
417 2415 531 2479 itidem
554 2437 685 2480 manare
707 2438 747 2480 ex
769 2438 907 2501 aequore
930 2416 1030 2496 sals03

235 2517 418 2602 percolatur
440 2519 527 2582 enim
551 2519 639 2584 virus
660 2528 810 2605 retroque
833 2529 981 2585 remanat

235 2623 387 2687 materies
409 2623 529 2688 umoris
551 2632 586 2688 et
609 2624 651 2688 ad
673 2632 772 2710 caput
794 2625 944 2690 amnibus
968 2626 1071 2690 omnis

205 2739 208 2743 ’
235 2725 378 2802 confluit,
400 2726 476 2791 inde
499 2748 598 2812 super
619 2734 722 2792 terras
744 2727 829 2792 redit
851 2727 982 2814 agmine
1004 2728 1092 2793 dulci

234 2851 300 2914 qua
321 2829 374 2893 via
394 2836 483 2894 secta
504 2830 603 2894 semel
625 2830 749 2916 liquido
772 2830 853 2917 pede
876 2830 994 2896 detulit
1016 2831 1143 2916 undaa]

279 2933 376 2998 Nunc
397 2935 481 2999 ratio
502 2957 586 3020 quae
608 2935 660 3011 sit,
682 2958 741 3021 per
762 2937 870 3001 fauces
892 2937 1011 3001 montis
1033 2944 1072 3001 ut
1094 2937 1221 3003 Aetnae

235 3037 383 3122 expirent
405 3038 497 3124 ignes
519 3038 684 3103 interdum
706 3039 837 3104 turbine
860 3048 962 3117 tanto,

236 3139 413 3225 expediam.
443 3162 549 3226 neque
572 3142 659 3204 enim
681 3141 834 3206 mediocri
855 3141 945 3206 clade
967 3150 1076 3207 coorta

234 3243 383 3308 flammea
404 3251 582 3329 tempestas
604 3245 751 3309 Siculum
774 3245 941 3310 dominata
961 3268 1020 3332 per
1041 3267 1134 3333 agros

233 3344 382 3409 finitimis
403 3345 445 3409 ad
466 3368 501 3410 se
524 3346 683 3411 convertit
705 3347 858 3432 gentibus
880 3369 944 3424 ora,

145 3526 274 3574 Naturam
284 3524 359 3575 Pont.
373 3523 438 3572 Mar.
450 3522 508 3573 Ald.
519 3524 533 3571 1
544 3523 618 3574 Junt.
634 3523 691 3573 first
702 3522 742 3572 for
752 3525 862 3573 Natura.
964 3521 1013 3571 614
1023 3523 1170 3586 adawfflwn.
1203 3524 1239 3571 cd
1249 3538 1355 3586 capuan

146 3603 220 3654 Nice.
232 3603 394 3666 followedby
405 3604 441 3653 all
451 3618 513 3655 mus.
527 3603 580 3654 and
591 3603 643 3654 eds.
655 3604 741 3654 before
756 3604 836 3654 Lech.
952 3603 999 3654 616
1014 3619 1130 3665 magnam
1144 3606 1181 3653 rol
1191 3604 1269 3653 Pont.
1281 3604 1355 3654 tunt.

145 3684 187 3735 for
204 3686 242 3734 rol
257 3699 381 3746 monam.
414 3699 530 3747 magnam
542 3691 643 3748 partem
657 3687 695 3734 rol
712 3685 776 3735 Mar.
910 3683 958 3733 624
977 3699 1094 3747 aequora,
1113 3687 1195 3734 centis
1215 3683 1296 3734 Lach.
1312 3685 1357 3734 for

147 3782 260 3830 aequora
275 3769 354 3815 venti,
387 3782 498 3829 aequora
510 3769 584 3829 ponti
601 3765 672 3815 Nico.
683 3766 751 3827 vulg.
767 3764 879 3828 perhaps
896 3765 1000 3828 rightly,
1018 3780 1048 3815 as
1064 3766 1109 3815 the
1125 3766 1208 3816 words
1223 3782 1267 3816 are
1283 3767 1356 3816 often

146 3846 286 3898 confused:
303 3861 387 3908 comp.
399 3847 482 3898 1276:
499 3847 552 3897 and
563 3849 645 3896 ventis
656 3846 679 3896 is
690 3846 831 3896 somewhat
843 3845 977 3896 awkward.
1076 3847 1124 3898 629
1135 3850 1189 3897 orbi
1202 3848 1266 3897 Mar.
1278 3848 1294 3897 J
1296 3853 1353 3898 unt.

146 3929 188 3979 for
198 3931 273 3979 orbis.
307 3931 363 3978 orbe
373 3929 443 3979 Flor.
455 3930 487 3978 61
499 3929 588 3979 (lamb.
600 3930 695 3980 Avanc.
837 3930 885 3980 662
899 3930 1010 3979 πιανίεΒ
1027 3944 1091 3979 corr.
1106 3929 1182 3979 Pont.
1198 3930 1264 3980 Mar.
1279 3930 1355 3980 Junt.

148 4011 206 4078 (not
216 4011 286 4062 Flor.
298 4012 340 4078 31)
352 4011 392 4062 for
402 4015 492 4074 magia
630 4013 678 4063 638
685 4013 748 4076 pede
760 4014 852 4063 detulit
863 4012 885 4061 Δ
896 4027 960 4062 corr.
973 4013 1015 4062 for
1021 4014 1085 4076 pede
1098 4014 1167 4062 tulit.
1306 4012 1353 4062 641

145 4095 268 4144 maiam
283 4095 355 4144 clude
369 4101 454 4144 morta
468 4094 504 4145 Ia.
519 4093 594 4144 Voss.
605 4095 635 4143 in
649 4109 698 4143 ms.
710 4098 785 4144 notes
800 4095 840 4144 for
850 4097 933 4145 nudie
948 4098 1035 4157 precia
1050 4097 1081 4144 de
1095 4103 1192 4145 coorta:
1209 4109 1226 4144 a
1237 4094 1291 4144 fine
1301 4094 1355 4145 and

145 4174 246 4225 certain
257 4175 408 4253 correction.
439 4176 524 4226 medic
534 4177 565 4226 de
574 4177 649 4239 piade
660 4177 719 4227 Vat.
734 4177 798 4227 1954
810 4175 904 4227 Othob.
939 4179 1023 4226 mdia
1033 4178 1063 4226 de
1075 4177 1147 4226 clade
1157 4179 1209 4226 two
1218 4176 1277 4226 Vat.
1291 4175 1357 4225 Pius

145 4259 176 4308 in
192 4259 397 4321 nomuauga.
411 4258 503 4309 hamb.
536 4261 620 4309 medic
636 4274 700 4322 qnae
716 4260 788 4309 clade
804 4259 901 4309 Avanc.
934 4260 980 4309 dio
996 4261 1027 4309 de
1043 4259 1115 4308 clade
1130 4257 1195 4307 Fab.
1227 4258 1355 4308 Enceladi

145 4343 260 4392 declade
270 4339 358 4391 Banu
368 4339 893 4392 beforehekneonssiue’emendation.
1023 4339 1210 4390 mmmmm
1220 4338 1312 4389 Heina
1326 4337 1355 4388 in

234 4441 270 4488 u
641 4503 644 4507 ι
1227 4425 1269 4486 18
