2804 4786
154 263 212 313 102
735 248 771 313 ΙΙ

233 435 272 478 ex
296 435 424 498 unoque
446 412 536 478 sitim
559 413 709 478 sedantes
731 414 865 478 flumine
888 415 985 500 aquai

232 515 382 581 dissimili
406 516 517 580 vivont
541 517 646 601 specie
668 517 875 602 retinentque
897 524 1071 602 parentum

147 624 208 704 665
233 630 384 686 naturam
407 630 441 686 et
464 643 567 684 mores
590 621 770 707 generatim
793 642 940 706 quaeque
964 620 1147 686 imitantur.

233 733 327 789 tanta
349 724 456 789 estin
479 723 591 809 quovis
613 746 730 811 genere
753 723 871 789 herbae
894 724 1045 788 materiai

233 827 397 892 dissimilis
419 827 510 903 ratio,
533 835 627 891 tanta
648 835 698 891 est
720 827 755 890 in
777 826 911 891 flumine
934 848 1069 912 quoque.

233 931 309 996 hinc
331 953 423 1016 porro
446 931 594 1016 quamvis
616 932 816 996 animantem
838 954 878 996 ex
901 932 1052 997 omnibus
1074 954 1179 996 unam

234 1056 304 1098 ossa
326 1056 418 1099 cruor
440 1055 540 1097 venae
563 1033 648 1096 calor
670 1056 762 1098 umor
783 1034 904 1099 viscera
925 1036 1016 1099 nervi

148 1137 213 1220 670
234 1137 452 1218 constituunt;
482 1159 564 1222 quae
587 1145 664 1201 sunt
686 1160 779 1223 porro
801 1139 958 1203 distantia
980 1139 1083 1227 longe,

235 1240 383 1304 dissimili
405 1240 549 1326 perfecta
571 1240 675 1326 figura
696 1241 935 1326 principiorum.

234 1351 306 1406 tum
329 1365 421 1428 porro
444 1364 666 1429 quaecumque
689 1343 757 1429 igni
779 1344 946 1409 flammata
967 1353 1162 1420 cremantur,

234 1446 261 1509 si
284 1447 330 1510 nil
353 1456 529 1532 praeterea,
552 1455 662 1511 tamen
686 1446 764 1511 haec
786 1448 819 1511 in
842 1470 971 1533 corpore
994 1448 1140 1514 condunt

235 1550 320 1615 un'de
343 1551 453 1636 ignem
477 1550 579 1615 iacere
602 1559 635 1615 et
658 1549 768 1614 lumen
790 1552 994 1617 summittere
1016 1552 1143 1639 possint

148 1653 209 1736 675
235 1653 454 1740 scintillasque
476 1676 570 1739 agere
593 1676 630 1717 ac
652 1654 717 1718 late
740 1654 868 1718 differre
892 1654 1042 1720 favillam.

176 1843 178 1847 y
235 1768 342 1821 cetera
364 1757 522 1821 consimili
546 1756 665 1821 mentis
687 1757 811 1822 ratione
833 1780 1006 1843 peragrans

235 1860 378 1925 invenies
400 1860 503 1947 igitur
525 1861 702 1925 multarum
724 1861 848 1925 semina
870 1883 977 1925 rerum

235 1987 363 2050 corpore
386 1964 488 2029 celare
512 1973 545 2029 et
568 1965 672 2028 varias
695 1964 843 2029 cohibere
866 1965 993 2051 figuras.

236 2067 374 2153 denique
398 2068 502 2132 multa
525 2068 614 2132 vides
636 2068 754 2153 quibus
777 2077 810 2133 et
833 2068 918 2133 color
940 2076 974 2133 et
996 2091 1091 2155 sapor
1112 2093 1180 2133 una

148 2174 209 2236 681
236 2173 362 2237 reddita
384 2181 460 2238 sunt
483 2195 556 2237 cum
580 2172 692 2236 odore:
721 2172 756 2236 in
779 2171 892 2258 primis
914 2173 1068 2258 pleraque
1091 2173 1176 2237 dona

235 2380 313 2443 haec
335 2379 437 2465 igitur
460 2378 556 2441 variis
578 2378 699 2441 debent
721 2385 865 2441 constare
888 2377 1021 2463 figuris;

235 2483 327 2547 nidor
349 2483 436 2547 enirn
459 2489 609 2566 penetrat
632 2503 697 2566 qua
718 2482 810 2545 fucus
832 2503 896 2545 non
919 2481 946 2545 it
969 2481 1004 2544 in
1027 2489 1125 2558 artus,

235 2586 326 2649 fucus
349 2586 428 2649 item
452 2607 583 2659 sorsum,
605 2607 728 2650 serment
750 2606 843 2669 sapor
863 2583 1048 2648 insinuatur

236 2690 402 2769 sensibus3
433 2699 471 2754 ut
494 2712 604 2754 noscas
626 2689 739 2774 primis
761 2689 889 2752 differre
912 2688 1031 2774 figuris.

235 2793 405 2858 dissimiles
428 2794 530 2880 igitur
553 2795 673 2858 formae
695 2794 914 2879 glomeramen
936 2792 970 2855 in
992 2814 1095 2857 unum

236 2898 430 2962 conveniunt
454 2907 488 2962 et
510 2921 560 2962 res
582 2897 743 2984 permixto
765 2896 886 2960 semine
909 2904 1066 2986 constant.

149 3110 220 3145 same
237 3094 321 3159 thing)
338 3094 467 3145 eta-657
485 3096 556 3144 must
573 3093 604 3142 be
627 3091 745 3142 enclosed
767 3090 795 3140 in
817 3090 934 3140 brackets
956 3104 985 3139 as
1007 3103 1023 3138 a
1045 3088 1201 3151 subsequent
1224 3092 1354 3154 marginal

149 3176 265 3226 addition
285 3178 313 3226 ol
328 3175 373 3225 the
390 3177 482 3239 poet's:
501 3191 541 3225 see
559 3176 646 3232 above,
665 3189 688 3236 p.
712 3175 751 3225 29.
846 3174 893 3223 664
911 3174 1025 3222 sedantes
1044 3170 1116 3222 Nice.
1135 3172 1157 3221 B
1174 3185 1240 3222 corr.
1259 3173 1301 3223 tor
1317 3189 1352 3222 ae·

148 3260 241 3307 dentes.
274 3258 377 3320 Brieger
394 3260 454 3319 puts
471 3256 525 3306 this
542 3270 566 3306 v.
584 3257 669 3306 before
686 3257 740 3306 662.
849 3255 896 3304 665
912 3257 1069 3316 retinentque
1082 3262 1218 3317 parentum
1234 3255 1304 3306 Flos.
1322 3257 1352 3304 31
1391 3299 1396 3304 .

149 3341 208 3390 Vat.
221 3340 284 3389 1136
297 3338 391 3389 Othob.
404 3340 467 3390 1954
481 3339 575 3389 Othob.
588 3354 645 3387 sm.
658 3339 722 3386 Mar.
734 3336 791 3386 Ald.
808 3338 821 3385 1
834 3336 906 3387 Junt.
923 3337 962 3385 ior
973 3339 1096 3386 retinente
1104 3345 1220 3400 parente.

181 3424 228 3475 669
246 3425 467 3487 qnnnreia...nnana
483 3422 573 3470 Lamb.
592 3422 632 3470 tor
649 3423 854 3484 quamvis...nna.
889 3421 1083 3482 quemvis...nna
1102 3418 1173 3471 Nice.
1208 3423 1349 3483 quemvis...

148 3523 224 3557 unam
241 3507 306 3555 Mar.
324 3506 397 3556 Junt.
543 3505 590 3556 674
607 3506 714 3553 condant
731 3502 780 3551 Ed.
798 3502 837 3550 for
855 3504 997 3551 traduntur.
1032 3503 1116 3551 cedant
1131 3500 1211 3552 Lech.
1246 3504 1396 3552 eludunt:

148 3589 222 3638 Bern.
309 3587 356 3636 675
367 3590 448 3649 ignem
459 3587 529 3636 Nice.
542 3586 582 3636 for
593 3589 658 3648 igne.
693 3585 872 3646 ignechorr.
953 3582 1350 3634 681av.islostheresuches

150 3673 211 3733 Quis
228 3685 332 3719 aeterna
347 3672 426 3718 solent
439 3671 540 3732 funaare
556 3670 654 3718 altaria
669 3670 765 3718 divom:
785 3682 827 3716 see
842 3670 915 3716 notes
931 3668 958 3714 2:
976 3668 1022 3715 not
1034 3681 1049 3715 a
1060 3665 1135 3716 letter
1150 3665 1177 3715 of
1193 3664 1239 3715 the
1249 3679 1313 3716 mss.
1328 3665 1350 3714 is

148 3756 176 3801 to
187 3751 218 3800 be
230 3749 351 3812 changed
387 3753 415 3799 in
423 3752 508 3813 privis
517 3752 643 3813 pleraque
655 3750 719 3797 donc
731 3747 811 3797 Lach.
845 3748 877 3795 In
889 3760 1062 3808 consequence
1075 3746 1102 3795 of
1117 3745 1164 3798 667
1177 3746 1244 3811 (680)
1256 3745 1396 3809 having?

149 3836 212 3885 been
223 3832 363 3897 misplaced
374 3833 419 3882 the
430 3833 501 3882 older
512 3832 607 3881 editors
618 3831 683 3882 have
694 3831 769 3881 made
782 3834 886 3893 strange
897 3831 1032 3880 confusion
1044 3829 1114 3880 here.
1191 3829 1239 3879 683
1251 3829 1301 3880 684
1307 3831 1349 3894 fn·

148 3917 306 3966 ceta...Fncaa
317 3912 395 3963 Lach.
411 3916 478 3962 most
490 3913 608 3975 properly
619 3914 659 3961 ior
670 3913 869 3962 scens...Sacns:
889 3918 962 3960 ‘nam
969 3912 1045 3973 fucus
1057 3910 1127 3960 color
1138 3912 1178 3959 est
1186 3911 1201 3958 ’.

180 4000 228 4050 684
243 4013 337 4048 sensnm
352 3997 396 4046 AB
412 3998 474 4060 only
485 4011 556 4046 once.
592 4002 712 4044 ‘seorsum
727 4002 751 4044 et
766 4009 847 4043 rernm
862 3992 1060 4056 [Faber’atextJ.
1089 4000 1114 4042 et
1125 4006 1208 4041 rernm
1220 4006 1272 4043 om.
1284 4007 1345 4043 mss

148 4096 187 4130 vv.
206 4079 372 4143 repetendum
390 4082 420 4128 ut
439 4082 502 4140 puto
520 4077 549 4126 τὸ
567 4093 660 4126 amanen
679 4076 753 4125 G.V.’
772 4091 821 4125 ms.
840 4080 915 4124 notes
933 4074 961 4124 ol'
976 4075 1010 4124 Is.
1027 4075 1143 4124 Vossius.
1177 4073 1287 4124 Haverc.
1300 4072 1359 4124 and,

148 4158 260 4222 through
272 4158 328 4207 him
339 4156 415 4207 hach
429 4156 610 4218 misrepresent
622 4154 691 4205 him:
710 4154 796 4204 ‘G.V.’
808 4154 831 4203 is
843 4155 872 4202 of
887 4167 975 4203 course
990 4152 1032 4201 his
1047 4152 1134 4202 father
1145 4151 1253 4210 Gerard,
1264 4151 1357 4203 whose

148 4241 254 4304 reading
270 4240 399 4290 therefore
414 4239 436 4287 is
454 4237 498 4288 the
516 4251 586 4287 same
603 4250 632 4285 as
649 4236 833 4286 Lachmann's.
971 4236 1018 4285 685
1031 4238 1122 4298 primia
1138 4234 1166 4284 of
1181 4249 1244 4284 mss.
1262 4236 1275 4284 I
1292 4249 1354 4286 noar

147 4323 223 4385 keep:
242 4336 283 4371 see
298 4326 373 4371 notes
388 4322 417 4370 2:
432 4321 515 4383 potnit
530 4317 611 4368 Lach.
628 4318 694 4367 aiter
710 4316 824 4375 Vossius,
840 4316 949 4378 Preiger,
966 4316 1075 4365 Haverc.
1087 4315 1144 4365 who
1161 4329 1222 4378 says
1240 4315 1353 4380 ‘egregm

148 4408 174 4455 et
189 4404 238 4454 hoc
252 4404 309 4454 loco
321 4405 402 4467 prisia
417 4401 495 4452 habet
511 4400 661 4464 Marginalis
677 4402 789 4450 noster’:
806 4415 850 4463 my
860 4414 909 4449 ms.
928 4401 1002 4448 notes
1019 4398 1047 4447 of
1062 4398 1169 4448 Vossius
1186 4413 1231 4449 arc
1241 4397 1355 4449 without
