2834 4792
686 254 716 320 V

186 420 341 485 confluxit
363 419 471 508 gravis
492 429 527 485 et
548 419 696 485 subsedit
718 418 866 484 funditus
888 427 927 483 ut
950 419 1041 499 faex;

184 525 259 590 inde
282 547 370 589 mare
391 525 468 590 inde
489 547 545 589 aer
567 524 643 589 inde
664 523 778 589 aether
798 523 917 609 ignifer
937 523 1008 608 ipse

186 630 370 716 corporibus
391 628 523 715 liquidis
545 637 622 694 sunt
644 628 753 694 omnia
774 650 857 713 pura
877 628 999 705 relicta,

186 741 221 797 et
242 731 365 797 leviora
385 732 458 797 aliis
479 732 552 808 alia,
574 739 609 797 et
630 730 864 816 liquidissimus
885 730 1000 795 aether

185 844 284 921 atque
306 835 487 900 levissimus
508 834 611 899 aerias
633 855 731 919 super
752 833 861 898 influit
883 855 988 909 auras,

184 960 244 1003 neo
265 938 425 1023 liquidum
448 959 563 1023 corpus
585 936 796 1002 turbantibus
818 936 901 1001 aeris
922 935 1011 1001 auris

185 1043 389 1123 commisoet;
417 1042 498 1107 sinit
520 1041 600 1107 haec
622 1041 772 1106 violentis
794 1039 903 1105 omnia
924 1038 1008 1104 verti

185 1142 379 1223 turbinibus,
401 1144 480 1211 sinit
501 1145 633 1211 incertis
655 1145 786 1210 turbare
809 1143 965 1230 procellis,

185 1249 255 1335 ipse
276 1270 350 1314 suos
372 1249 458 1335 ignis
479 1257 567 1313 certo
589 1248 652 1312 fert
674 1247 796 1333 impete
819 1246 938 1311 labens.

185 1374 262 1416 nam
283 1350 408 1416 modice
431 1350 530 1415 fluere
551 1358 651 1436 atque
673 1371 738 1414 uno
760 1370 851 1435 posse
873 1347 1006 1412 aethera
1026 1346 1102 1410 nisu

186 1452 348 1541 significat
371 1454 499 1530 Pontos,
521 1475 609 1517 mare
631 1459 719 1516 certo
741 1451 827 1537 quod
848 1449 924 1515 fluit
945 1456 1038 1514 aestu

185 1579 288 1622 unum
311 1556 442 1621 labendi
463 1577 654 1621 conservans
676 1577 779 1641 usque
801 1564 955 1624 tenorem.
1035 1626 1039 1635 Ι

229 1661 390 1745 [Motibus
412 1669 571 1726 astrorum
594 1682 680 1725 nuno
702 1683 786 1746 quae
808 1660 852 1725 sit
873 1681 970 1725 causa
991 1680 1156 1724 sanamus.

185 1764 343 1850 principio
366 1787 503 1852 magnus
525 1765 605 1830 oaeli
628 1765 656 1829 si
678 1764 818 1830 vortitur
840 1763 933 1840 orbis,

186 1890 226 1933 ex
248 1877 386 1955 utraque
408 1870 518 1955 polum
540 1868 627 1954 parti
648 1891 794 1954 premere
815 1889 891 1933 aera
911 1867 1004 1931 nobis

185 1969 358 2035 dicendum
380 1979 432 2036 est
453 1979 610 2056 extraque
632 1979 743 2035 tenere
766 1978 801 2035 et
822 1969 971 2034 claudere
993 1969 1179 2054 utrimque;

186 2073 262 2140 inde
284 2075 386 2140 alium
408 2097 505 2161 supra
527 2075 626 2141 fluere
648 2083 748 2161 atque
770 2073 939 2140 intendere
961 2073 1076 2139 eodem

185 2199 250 2262 quo
272 2179 429 2245 volvenda
449 2179 571 2243 micant
593 2178 719 2244 aeterni
740 2178 845 2244 sidera
867 2175 1001 2257 mnndi;

184 2290 244 2346 aut
265 2281 366 2346 alium
388 2289 510 2367 supter,
531 2291 643 2347 eontra
664 2281 722 2368 qui
743 2281 903 2347 subvehat
925 2280 1047 2358 orbem,
1241 2296 1295 2361 515

185 2393 224 2450 ut
246 2385 360 2451 fluvios
383 2407 508 2450 versare
530 2394 617 2450 rotas
638 2393 738 2471 atque
760 2385 894 2450 haustra
916 2384 1073 2450 videmus.

184 2497 234 2554 est
257 2490 357 2555 etiam
379 2512 506 2575 quoque
528 2489 579 2554 uti
601 2489 703 2575 possit
725 2490 849 2553 caelum
872 2509 967 2553 omne
989 2509 1120 2552 manere

184 2592 219 2656 in
241 2593 390 2670 statione,
412 2601 523 2658 tamen
545 2616 620 2658 oum
642 2593 750 2658 lucida
771 2594 865 2679 signa
886 2593 1051 2671 ferantur;

184 2696 252 2762 sive
274 2698 359 2782 quod
382 2697 498 2761 inclusi
520 2697 625 2783 rapidi
647 2705 724 2761 sunt
746 2697 887 2762 aetheris
909 2704 1020 2762 aestus

184 2809 439 2887 quaerentesque
462 2801 547 2866 viam
570 2801 689 2867 circum
713 2810 882 2866 versantur
903 2809 938 2867 et
960 2800 1053 2888 ignes
1239 2796 1394 2880 520ss

184 2902 304 2987 passim
326 2926 385 2990 per
405 2905 485 2969 caeli
507 2905 642 2969 volvunt
666 2904 856 2970 Summania
878 2905 1018 2990 templa;

183 3007 251 3071 sive
273 3007 404 3072 aliunde
427 3008 530 3073 fluens
553 3008 701 3072 alicunde
725 3009 924 3074 extrinsecus
946 3032 1002 3074 aer

184 3121 289 3177 versat
311 3135 410 3199 agens
433 3112 535 3199 ignis3
565 3112 633 3178 sive
656 3113 718 3198 ipsi
741 3136 868 3199 serpere
890 3122 1027 3199 possunt

184 3239 248 3302 quo
270 3217 425 3303 cuiusque
448 3218 540 3283 cibus
562 3226 655 3283 vocat
677 3227 776 3304 atque
799 3219 919 3286 invitat
942 3219 1061 3298 euntis,

184 3320 334 3386 flammea
355 3344 413 3407 per
434 3323 558 3387 eaelum
581 3324 743 3409 poscentis
766 3346 897 3410 corpora
918 3323 1047 3410 passim,
1241 3340 1299 3407 525
1337 3308 1415 3380 2

183 3446 259 3488 nam
282 3425 360 3510 qnid
382 3425 417 3489 in
440 3425 499 3490 hoo
523 3427 644 3492 mundo
666 3428 709 3492 sit
732 3450 843 3494 eorum
864 3449 983 3513 ponere
1005 3435 1131 3492 eertum

131 3667 179 3716 toa
192 3668 336 3717 commum
346 3669 458 3730 muger.
469 3668 525 3718 first
537 3668 577 3716 ror
590 3670 728 3719 commacu
792 3671 860 3720 naec.
873 3671 914 3719 aa
925 3668 1011 3719 Banu.
1022 3669 1076 3719 anu
1090 3667 1186 3728 naam
1202 3669 1251 3720 but
1262 3685 1302 3721 aa
1314 3655 1413 3708 θ

98 3749 173 3795 notes
184 3749 208 3795 2.
350 3750 398 3800 501
415 3750 516 3807 Pontos,
531 3764 598 3798 orare
610 3749 689 3801 Laeh.
703 3750 743 3799 for
749 3758 827 3815 ponto
841 3766 918 3801 mre.
950 3751 1028 3800 Ponti
1038 3765 1108 3800 omre
1117 3749 1195 3802 Pont.
1209 3751 1297 3802 Lamb.
1350 3748 1403 3787 θ’·

98 3827 137 3878 ed.
152 3829 177 3887 3,
189 3836 287 3879 tontum
297 3847 366 3881 mure
376 3830 416 3880 ed.
430 3832 443 3880 1
456 3832 508 3881 and
519 3833 542 3883 2.
703 3832 832 3882 513-516
849 3832 930 3883 Laoh.
943 3833 1013 3894 quite
1024 3831 1240 3896 misapprahanda
1251 3833 1302 3885 and
1316 3805 1402 3876 fl

98 3908 173 3972 sadly
186 3909 320 3961 mutilates
336 3911 390 3961 this
406 3926 524 3974 passage:
542 3913 591 3962 513
606 3912 640 3963 ho
655 3912 730 3962 reads
745 3914 857 3963 deormm
872 3913 913 3964 for
927 3915 1017 3973 codor,
1033 3913 1082 3964 515
1097 3915 1169 3966 Hine
1185 3915 1225 3967 lor
1236 3919 1302 3978 Aah
1318 3909 1396 3960 Ξ

98 3990 150 4040 and
160 3990 246 4053 planes
257 3992 305 4042 514
317 3992 383 4042 astu
395 3993 457 4044 516:
474 3996 521 4043 not
532 4008 582 4044 ons
592 3994 621 4044 of
630 3993 703 4044 these
713 3993 825 4057 changes
836 3994 882 4044 but
893 4009 963 4045 mars
975 3994 1020 4045 the
1031 4009 1115 4046 senas.

130 4075 178 4125 515
195 4079 254 4127 Aut.
289 4080 336 4126 Art
347 4077 457 4140 Nauger.
468 4078 537 4140 vulg.
548 4078 671 4140 Wrongly.
704 4080 749 4140 qui
760 4077 825 4129 Mar.
839 4078 949 4141 Naugsr.
961 4077 1057 4142 rightly
1068 4078 1110 4128 for
1119 4081 1186 4143 quie.

130 4158 178 4207 518
196 4160 282 4208 lucida
293 4159 361 4212 Flor.
375 4159 477 4210 31v0r.
490 4160 554 4210 Ven·
567 4160 632 4213 Mar.
646 4160 687 4211 lor
698 4162 776 4210 lisoio.
890 4162 938 4211 521
956 4162 1119 4214 Summoaioz
1134 4176 1179 4214 sao
1188 4166 1264 4216 nota
1274 4165 1297 4216 2.

97 4241 220 4289 imnmaia
242 4240 337 4291 Oreeoh
360 4241 388 4290 in
411 4246 493 4301 notes,
516 4242 596 4292 Laeh.
662 4242 738 4295 Pont.
763 4258 822 4306 says
845 4247 1000 4294 ‘summania
1020 4258 1068 4308 pro
1094 4245 1237 4297 immola&
1275 4262 1299 4298 rs

97 4321 324 4373 lavanianum.
336 4323 364 4372 in
375 4327 450 4374 notes
461 4327 488 4374 at
499 4323 550 4374 end
561 4323 590 4373 of
604 4323 730 4383 catullus,
742 4324 833 4377 Lamb.
849 4324 1004 4388 pervorsoly.
1037 4325 1051 4374 1
1066 4339 1132 4376 onos
1146 4325 1261 4392 thought
1274 4327 1311 4380 os

96 4417 191 4451 mmm
207 4404 276 4453 avia.
384 4405 432 4454 524
449 4408 540 4455 euntia.
574 4407 672 4455 aventis
687 4405 769 4457 Laoh.
871 4409 920 4458 5³0
936 4423 1005 4459 omne
1020 4404 1044 4458 B
1057 4409 1299 4467 aorr.Mar.,Alu.1
