2834 4792
683 203 700 266 1

176 384 345 449 possumus
367 384 470 448 aequo
493 362 601 427 animo
624 385 683 427 neo
706 363 841 427 Memmi
864 363 950 427 clara
971 384 1112 448 propago

176 465 297 531 talibus
318 466 354 530 in
375 466 473 531 rebus
495 466 658 530 communi
681 466 772 531 desse
795 465 901 530 saluti.

680 589 699 626 ff

177 672 263 758 quod
285 681 440 758 superest,
464 693 581 736 vacuas
603 670 691 735 auris
713 671 922 756 animumque
946 693 1092 758 sagacem

177 786 337 841 semotum
360 797 381 841 a
402 775 488 840 curis
509 775 629 841 adhibe
652 797 760 841 veram
783 775 824 840 ad
846 776 1015 852 rationem,

176 901 217 943 ne
240 900 313 943 mea
334 877 419 942 dona
441 877 503 943 tibi
526 877 634 943 studio
657 877 801 963 disposta
823 878 921 954 fideli,

176 982 344 1047 intellecta
364 981 455 1067 prius
476 1004 574 1066 quam
597 982 672 1058 sint,
696 990 883 1067 contempta
905 982 1074 1067 relinquas.

122 1093 125 1097 ’
175 1107 253 1149 nam
274 1082 337 1148 tibi
359 1083 399 1148 de
422 1106 549 1148 summa
571 1084 651 1149 caeli
674 1084 799 1149 ratione
821 1083 984 1168 deumque

177 1186 335 1251 disserere
353 1184 507 1272 incipiam
530 1195 565 1251 et
586 1209 694 1252 rerum
717 1187 893 1273 primordia
914 1187 1064 1273 pandam,

176 1291 263 1355 unde
286 1290 389 1355 omnis
412 1298 530 1354 natura
552 1299 640 1356 oreet
661 1313 712 1355 res
734 1300 845 1355 auctet
867 1291 1007 1376 alatque,

178 1415 281 1478 quove
304 1393 417 1458 eadem
439 1416 568 1459 rursum
590 1403 708 1459 natura
730 1404 899 1480 perempta
921 1395 1068 1471 resolvat,

178 1519 260 1582 quse
282 1519 341 1561 nos
362 1497 533 1563 materiem
556 1507 589 1563 et
612 1499 768 1584 genitalia
791 1522 921 1585 corpora
943 1500 1039 1564 rebus

177 1600 345 1666 reddunda
366 1601 402 1666 in
424 1602 549 1668 ratione
572 1625 684 1668 vocare
706 1612 740 1668 et
763 1604 888 1668 semina
909 1626 1017 1668 rerum

177 1704 338 1789 appellare
361 1712 492 1799 suemus
514 1715 548 1770 et
571 1707 650 1772 haee
673 1707 784 1772 eadem
808 1729 963 1792 usurpare

178 1831 308 1894 corpora
329 1808 442 1896 prima,
465 1810 550 1896 quod
573 1834 612 1876 ex
635 1811 700 1875 illis
723 1819 800 1875 sunt
823 1810 931 1875 omnia
953 1811 1073 1896 primis.

221 1913 376 1978 Humana
397 1923 474 1979 ante
497 1914 604 1979 oculos
626 1915 718 1985 foede
740 1938 815 1980 cum
838 1916 907 1980 vita
929 1915 1047 1980 iaceret

177 2016 211 2079 in
232 2016 327 2082 terris
349 2038 500 2102 oppressa
521 2016 612 2104 gravi
634 2018 695 2083 sub
717 2018 873 2104 religione

178 2140 260 2203 quae
282 2128 381 2204 eaput
403 2142 423 2183 a
445 2119 525 2184 caeli
547 2120 733 2206 regionibus
756 2121 946 2186 ostendebat

178 2224 321 2289 horribili
344 2247 442 2311 super
462 2236 595 2312 aspectu
618 2227 809 2292 mortalibus
831 2226 965 2303 instans,

177 2327 317 2414 primum
340 2329 458 2394 Graius
480 2329 575 2394 homo
597 2330 742 2394 mortalis
765 2330 877 2396 tollere
900 2338 1011 2394 eontra

178 2442 228 2496 est
249 2432 356 2497 oculos
378 2455 477 2498 ausus
498 2435 687 2520 primusque
710 2434 865 2499 obsistere
888 2443 1007 2510 contra,

89 2649 163 2713 gives
175 2652 249 2700 tereti
260 2650 300 2700 for
311 2654 390 2702 temti.
457 2653 488 2702 43
501 2655 567 2703 desse
579 2653 601 2703 A
612 2667 676 2704 sorr.
691 2653 761 2703 Nion.
773 2654 814 2703 ior
825 2655 853 2702 id
865 2668 923 2704 esse.
991 2652 1143 2703 44-49=11
1155 2649 1292 2700 646-651.

89 2731 127 2780 Is.
145 2731 251 2782 Vossius
268 2731 296 2782 in
312 2732 355 2782 his
370 2747 421 2783 ms.
438 2737 513 2784 notes
530 2734 558 2784 in
575 2750 619 2799 my
636 2736 782 2799 possession
800 2737 858 2785 well
878 2736 995 2785 observes
1015 2735 1073 2785 thet
1089 2749 1160 2784 some
1179 2749 1228 2784 one
1246 2733 1294 2782 hes

91 2814 206 2864 inserted
222 2813 294 2864 them
310 2814 371 2865 here
391 2819 435 2867 ‘ut
452 2815 596 2866 ostenderet
613 2817 715 2867 Lueret.
734 2817 783 2866 sibi
800 2816 929 2867 adversari
946 2816 999 2878 qui,
1018 2831 1077 2866 oum
1092 2816 1159 2866 Deos
1174 2815 1294 2865 mortalis

93 2909 149 2943 non
160 2908 250 2945 oursrs
261 2895 375 2946 affirmat
386 2894 454 2960 [sio]‚
467 2895 592 2946 Venerem
606 2901 694 2946 tamen
710 2895 834 2946 invooet’.
868 2896 944 2946 Pont.
962 2896 1028 2946 Mer.
1043 2897 1118 2946 Jnnt.
1133 2895 1198 2945 omit
1212 2895 1291 2946 them.

90 2975 225 3024 Avsnoius
240 2974 270 3024 in
286 2975 331 3026 the
347 2980 402 3026 text
419 2976 448 3025 oi
462 2976 520 3026 Ald.
540 2977 554 3025 1
571 2978 659 3039 places
676 2977 747 3027 them
766 2978 832 3027 after
852 2977 882 3027 61
902 2977 955 3026 end
972 2977 1022 3027 has
1040 2977 1104 3026 been
1124 2976 1241 3026 followed
1261 2975 1294 3038 by

89 3059 162 3106 most
178 3056 274 3107 editors
289 3056 374 3109 before
391 3058 488 3119 Lsoh.;
511 3058 558 3109 but
575 3059 603 3109 in
619 3059 662 3110 his
679 3061 780 3123 pressos
797 3060 830 3110 he
847 3062 903 3110 well
919 3061 1035 3110 observes
1053 3067 1150 3110 ‘unum
1167 3060 1295 3110 affirmare

91 3137 178 3189 susim
190 3139 274 3189 Omnis
289 3141 355 3189 enim
368 3153 429 3189 enm
443 3139 559 3202 quinque
574 3141 740 3202 sequentibus
753 3157 784 3191 ex
798 3142 911 3205 prologo,
924 3156 983 3191 oum
999 3141 1141 3199 abundent,
1154 3140 1294 3190 demendos

90 3234 165 3270 esse:
181 3219 231 3270 hos
241 3218 329 3282 aptius
339 3219 420 3283 legas,
436 3234 495 3270 oum
507 3221 539 3271 de
549 3236 644 3284 magns
660 3226 743 3272 matre
760 3224 837 3284 sgit’.
937 3224 968 3272 50
983 3225 1054 3295 Quod
1068 3230 1185 3286 superest,
1201 3238 1295 3273 vannos

91 3305 164 3353 auris
183 3305 341 3367 animumque
361 3319 493 3365 rapacem:
517 3319 546 3354 so
562 3305 680 3368 Bernays
698 3305 726 3354 in
743 3305 838 3355 Rhein.
857 3306 931 3367 Mus..
944 3321 970 3354 n.
987 3304 1009 3355 i.
1026 3322 1042 3355 v
1059 3320 1084 3367 p.
1103 3307 1150 3357 559
1167 3306 1234 3355 from
1251 3305 1296 3356 the

90 3385 198 3448 interpr.
210 3385 283 3448 Verg.
295 3385 324 3435 in
333 3385 397 3436 Maii
407 3386 481 3438 olsss.
496 3393 564 3438 sust.
579 3391 598 3437 t.
611 3402 648 3436 v11
664 3402 690 3450 p.
703 3390 760 3439 262.
795 3389 867 3450 Quod
880 3368 991 3450 superest
1005 3396 1035 3437 ot
1049 3403 1143 3439 vassos
1157 3390 1228 3437 auris
1240 3387 1295 3437 AB.

92 3467 162 3518 Niso.
177 3465 294 3517 lollowed
305 3467 339 3530 by
349 3467 385 3517 sll
396 3467 521 3517 theFlor.
534 3468 623 3518 (lamb.
638 3469 708 3518 Mon.
721 3469 773 3519 and
790 3474 859 3519 most
874 3484 936 3518 mss.
953 3468 1007 3518 end
1019 3468 1054 3518 sll
1070 3468 1115 3519 the
1131 3467 1174 3517 old
1184 3467 1295 3518 editions

94 3547 203 3598 omitted
216 3554 245 3596 ut
259 3546 312 3597 snd
328 3546 413 3597 added
429 3550 502 3609 mihi,
519 3551 658 3610 Memmios,
677 3557 701 3598 et
720 3559 750 3600 te.
787 3549 876 3600 Lamb.
895 3552 1056 3599 Memmiado.
1090 3550 1124 3598 At
1141 3549 1185 3599 the
1201 3548 1253 3597 end
1269 3548 1297 3597 oi

91 3627 167 3678 Junt.
184 3627 208 3677 is
223 3626 349 3691 proposed
364 3642 459 3677 saeuas
475 3630 539 3677 mihi
556 3644 647 3691 quaeso
664 3632 793 3679 Memmius
811 3646 883 3679 aures
901 3633 1012 3680 Semotns
1029 3632 1112 3679 euris:
1130 3629 1204 3680 Pont.
1225 3628 1296 3691 gives

94 3711 167 3772 Quod
181 3715 293 3772 superest
308 3724 400 3772 qmteso
416 3725 511 3759 vacuas
527 3711 592 3759 mihi
608 3713 739 3760 Memmius
756 3715 836 3760 auris.
870 3711 951 3762 Laoh.
972 3711 1020 3761 has
1040 3711 1136 3773 rightly
1156 3725 1216 3760 seen
1236 3709 1295 3759 that

91 3807 140 3864 our
156 3791 262 3863 reading
276 3789 379 3854 implies
395 3791 440 3842 the
455 3792 508 3841 loss
525 3793 553 3842 oi
568 3807 616 3842 one
632 3808 661 3842 or
674 3808 746 3842 more
757 3808 842 3861 verses
856 3793 885 3841 in
899 3792 983 3843 whioh
995 3793 1039 3843 the
1050 3796 1110 3856 poet
1122 3791 1214 3856 passed
1225 3792 1293 3841 from

35 3872 39 3879 '
93 3873 184 3923 Venus
200 3876 228 3927 to
244 3870 400 3923 Memmius:
416 3871 450 3922 he
467 3876 584 3935 suggests
601 3876 767 3937 animumque,
779 3890 832 3936 ape,
850 3877 959 3934 Meneni,
970 3874 1055 3924 which
1069 3873 1153 3924 would
1169 3873 1295 3936 complete

89 3953 136 4004 the
146 3956 266 4005 sentenee
274 3952 305 4002 in
315 3968 331 4004 s
341 3968 413 4017 wsy:
431 3967 460 4004 so
471 3953 556 4004 would
566 3970 664 4017 corque,
676 3957 767 4005 inclute
779 3958 887 4016 Memmi,
899 3970 928 4004 or
939 3956 984 4005 the
991 3956 1051 4005 like.
1154 3954 1185 4004 66
1198 3956 1292 4004 tollere.

93 4038 193 4088 tandm
208 4035 297 4086 Issmb.
317 4033 358 4085 ed.
376 4036 397 4087 6,
412 4034 493 4085 Lsoh.
512 4036 580 4086 from
600 4035 700 4085 Nonius
720 4040 800 4086 ‘teste
820 4037 916 4086 nostris
935 4036 1080 4098 antiquiore
1089 4039 1104 4086 ’.
1138 4037 1190 4086 But
1210 4036 1295 4085 where

93 4131 142 4167 our
151 4130 215 4167 mss.
225 4114 291 4178 give,
305 4130 335 4166 ss
345 4114 414 4178 here,
425 4130 441 4166 s
452 4116 576 4165 faultless'
581 4115 695 4178 reading,
707 4116 729 4166 it
741 4132 821 4167 seems
833 4117 968 4167 uneritiosl
981 4121 1008 4167 to
1019 4117 1104 4179 prefer
1115 4116 1174 4166 that
1186 4117 1213 4165 of
1230 4115 1294 4165 suoh

91 4213 108 4248 a
127 4197 237 4249 esreless
254 4196 339 4247 writer
355 4211 384 4247 ss
403 4196 519 4247 Nonius:
537 4196 608 4247 older
625 4197 676 4246 and
695 4198 779 4248 better
795 4197 948 4247 authorities
965 4197 1031 4247 than
1046 4197 1079 4247 he
1094 4196 1117 4246 is
1134 4196 1295 4259 eontinuslly

91 4279 235 4343 misquote:
260 4277 357 4328 Seneca
378 4277 407 4328 in
428 4280 461 4330 57
480 4278 529 4328 hss
549 4294 645 4342 quoque
666 4279 706 4328 for
725 4294 811 4342 quove,
832 4278 929 4329 Gellius
949 4278 977 4327 in
997 4279 1044 4328 304
1064 4286 1110 4327 aut
1129 4279 1168 4328 for
1187 4285 1220 4340 et,
1247 4277 1296 4327 366

91 4359 194 4411 Nonius
208 4360 327 4410 sommi
343 4359 384 4409 ior
399 4360 532 4422 disperisse
549 4361 586 4416 in,
605 4373 626 4407 11
644 4361 675 4408 13
691 4359 845 4409 Lsotsntius
861 4361 952 4409 stultas
971 4359 1011 4408 for
1030 4361 1142 4420 miseros,
1161 4358 1224 4408 1001
1240 4360 1295 4422 ful·
