2834 4792
629 261 684 326 111

153 448 228 490 nam
250 425 279 490 si
300 425 335 489 in
358 431 461 489 morte
483 423 639 488 malumst
662 420 753 486 malis
775 441 948 506 morsuque
971 419 1111 484 ferarum

154 528 295 606 tractari,
317 550 382 592 non
403 527 533 592 invenio
555 526 612 613 qui
636 547 699 589 non
721 525 765 589 sit
787 523 939 589 acerbum

154 631 285 718 ignibus
306 630 486 716 inpositum
507 628 620 695 calidis
642 636 816 693 torrescere
838 627 978 692 flammis
1207 628 1272 706 890

152 741 211 798 aut
232 734 267 798 in
289 733 385 798 melle
407 722 516 797 situm
530 730 680 796 suffocari
702 738 801 816 atque
825 729 930 816 rigere

151 835 276 922 frigore,
299 857 374 899 cum
395 856 522 899 summo
543 831 644 920 gelidi
666 832 765 898 cubat
786 854 924 918 aequore
946 830 1024 908 saxi,

150 939 298 1026 urgerive
320 960 459 1024 superne
481 937 640 1003 obtritum
662 935 803 1022 pondere
826 945 938 1001 terrae.

194 1042 284 1106 ‘Iam
306 1041 372 1106 iam
395 1063 460 1106 non
482 1040 597 1105 domus
619 1040 756 1124 accipiet
779 1050 813 1104 te
836 1039 931 1116 laeta,
953 1060 1059 1125 neque
1082 1060 1164 1103 uxor

152 1145 276 1231 optima
297 1166 358 1210 nec
380 1145 489 1210 dulces
511 1152 678 1210 occurrent
701 1143 809 1208 oscula
830 1143 901 1208 nati
1206 1144 1266 1223 895

150 1249 332 1335 praeripere
354 1256 389 1314 et
410 1248 512 1313 tacita
533 1256 648 1334 pectus
670 1246 840 1313 dulcedine
862 1254 1008 1334 tangent.

149 1376 214 1418 ncn
236 1351 358 1438 poteris
378 1351 473 1416 factis
495 1350 686 1434 florentibus
708 1371 785 1427 esse,
810 1351 940 1436 tuisque

151 1457 357 1544 praesidium.
387 1455 504 1520 misero
526 1454 651 1520 misere’
673 1454 767 1518 aiunt
789 1454 915 1518 ‘omnia
936 1452 1059 1518 ademit

152 1584 217 1626 una
239 1561 308 1626 dies
329 1560 449 1625 infesta
471 1560 534 1624 tibi
556 1568 606 1625 tot
628 1559 772 1646 praemia
794 1558 898 1624 vitae?

151 1666 232 1731 illud
253 1665 289 1730 in
311 1665 362 1730 his
384 1665 481 1730 rebus
503 1688 567 1730 non
589 1664 715 1730 addunt
738 1672 814 1729 ‘nec
836 1663 898 1728 tibi
921 1685 1031 1728 earum
1204 1678 1271 1742 900

151 1769 216 1833 iam
238 1770 434 1835 desiderium
456 1792 564 1835 rerum
587 1791 684 1855 super
706 1767 825 1833 insidet
848 1768 930 1834 una’

151 1871 236 1958 quod
257 1872 340 1938 bene
362 1872 390 1937 si
412 1871 545 1937 videant
567 1872 675 1937 animo
697 1871 856 1958 dictisque
878 1878 1064 1957 sequantur,

150 1975 329 2040 dissoluant
351 1975 452 2039 animi
474 1998 592 2061 magno
614 1997 648 2040 se
671 1997 788 2062 angore
811 1985 974 2059 metuque.

150 2088 206 2143 ‘tu
229 2079 360 2164 quidem
383 2087 422 2144 ut
444 2101 478 2143 es
500 2079 566 2144 leto
589 2079 724 2164 sopitus,
746 2079 792 2143 sic
815 2078 877 2143 eris
900 2077 972 2142 aevi

150 2182 235 2268 quod
257 2190 404 2268 superest
426 2182 550 2247 cunctis
572 2181 712 2268 privatu’
734 2181 896 2247 doloribus
918 2181 1040 2267 aegris:
1202 2195 1264 2261 905

148 2293 185 2349 at
207 2307 264 2349 nos
286 2284 433 2349 horrifico
455 2285 651 2350 cinefactum
674 2294 708 2350 te
730 2306 829 2371 prope
852 2284 949 2349 busto

149 2387 380 2452 insatiabiliter
402 2387 600 2465 deflevimus,
624 2396 857 2473 aeternumque

148 2491 238 2555 nulla
260 2491 329 2556 dies
352 2491 443 2556 nobis
466 2514 642 2558 maerorem
665 2515 683 2558 e
706 2486 835 2578 pectore
858 2491 986 2557 demet?

148 2593 231 2658 illud
251 2590 293 2658 ab
316 2594 375 2659 hoc
397 2594 499 2681 igitur
521 2596 741 2680 quaerendum
764 2603 821 2672 est,
845 2594 923 2680 quid
945 2594 989 2658 sit
1011 2592 1113 2658 amari

150 2705 242 2761 tanto
264 2719 368 2783 opere,
390 2697 431 2762 ad
454 2720 603 2762 somnum
626 2698 654 2762 si
675 2721 726 2763 res
747 2697 832 2763 redit
855 2707 953 2783 atque
975 2697 1127 2782 quietem,
1201 2713 1267 2777 910

147 2821 204 2863 cur
225 2799 395 2885 quisquam
417 2808 549 2865 aeterno
571 2800 674 2885 possit
696 2801 860 2866 tabescere
883 2801 982 2865 luctu.

192 2903 264 2967 Hoc
286 2901 384 2968 etiam
409 2903 533 2969 faciunt
557 2904 614 2969 ubi
635 2904 826 2970 discubuere
848 2912 1027 2989 tenentque

148 3006 263 3090 pocula
284 3028 379 3092 saepe
402 3007 549 3072 homines
571 3018 606 3072 et
627 3006 817 3072 inumbrant
839 3031 894 3073 ora
916 3009 1048 3085 coronis,

148 3130 188 3172 ex
209 3109 318 3173 animo
339 3117 378 3174 ut
400 3110 510 3175 dicant
534 3109 656 3175 ‘brevis
678 3111 730 3176 hic
752 3120 802 3176 est
825 3112 949 3177 fructus
971 3111 1140 3189 homullis;

148 3213 213 3277 iam
236 3213 334 3278 fuerit
355 3236 461 3299 neque
482 3222 556 3299 post
577 3236 734 3299 umquam
755 3237 903 3280 revocare
925 3214 1071 3280 licebit'-
1198 3229 1260 3295 915

147 3323 315 3400 tamquam
336 3315 371 3380 in
394 3324 497 3382 morte
520 3317 597 3380 mali
621 3339 695 3382 cum
717 3317 830 3403 primis
853 3317 912 3382 hoc
934 3317 977 3382 sit
1000 3339 1118 3393 eorum,

147 3421 233 3506 quod
255 3420 328 3486 sitis
349 3429 465 3486 exurat
486 3421 617 3486 miseros
639 3430 737 3507 atque
759 3421 850 3486 arida
871 3429 981 3497 torres,

146 3535 205 3592 aut
227 3527 310 3591 aliae
332 3527 425 3591 cuius
446 3527 642 3592 desiderium
664 3527 804 3591 insideat
826 3526 880 3592 rei.

146 3654 206 3697 nec
229 3631 292 3696 sibi
313 3632 403 3697 enim
426 3631 596 3718 quisquam
618 3640 690 3697 tum
714 3654 749 3697 se
772 3632 937 3718 vitamque
960 3632 1106 3718 requirit,

124 3818 142 3866 *3
158 3818 278 3867 obtritum
293 3817 369 3866 Pont.
386 3817 450 3867 Mar.
465 3817 522 3869 Ald.
542 3819 556 3866 1
573 3818 648 3867 lunt.
667 3819 707 3867 for
725 3820 845 3868 ornatum.
951 3819 999 3869 894
1015 3821 1072 3868 Iam
1085 3820 1138 3868 iam
1146 3817 1214 3868 Flor.
1232 3818 1262 3867 31

124 3902 146 3948 t.
162 3897 243 3948 Iiach.
276 3899 376 3948 Amiam
389 3898 412 3947 Δ
423 3897 494 3948 Niec.
516 3900 639 3948 Vintium
653 3899 684 3948 B.
716 3902 752 3948 At
767 3901 819 3948 iam
833 3899 908 3951 Pont.
927 3899 993 3949 Mar.
1008 3900 1067 3949 Ald.
1080 3901 1094 3948 1
1106 3899 1178 3950 Junt.
1192 3898 1259 3961 vulg.

124 3994 163 4028 am
178 3979 201 4028 is
212 3978 324 4042 perhaps
338 3978 418 4041 right.
516 3980 564 4032 897
578 3980 626 4030 898
642 3979 735 4030 Lamb.
750 3979 799 4030 has
814 3980 939 4044 departed
953 3980 1045 4044 widely
1055 3981 1123 4029 from
1137 3980 1181 4030 the
1197 3995 1258 4031 mss.

124 4065 168 4111 out
185 4075 237 4124 any
252 4075 338 4121 cause,
355 4061 462 4124 reading
479 4064 527 4112 tibi
545 4064 657 4126 fortibus
674 4063 714 4112 lor
726 4064 884 4125 florentibus,
903 4065 978 4112 miser
995 4079 1009 4112 ο
1025 4065 1099 4112 miser
1115 4063 1155 4112 ior
1174 4065 1262 4113 misero

124 4158 154 4194 re.
173 4135 176 4140 ’
261 4143 309 4194 999
326 4145 393 4206 quod
409 4142 478 4195 Nica
499 4144 540 4193 for
558 4144 618 4204 Quo.
728 4144 869 4196 904-908:
888 4147 914 4193 tc
931 4145 1003 4194 these
1019 4159 1104 4194 verses
1119 4144 1197 4194 Bern.
1214 4144 1263 4196 has

124 4224 178 4287 srly
188 4224 308 4275 attached
322 4225 367 4275 the
380 4226 455 4275 mark
470 4227 500 4274 of
515 4225 677 4289 apostrophe.
823 4229 871 4278 914
883 4230 984 4290 fmtctus
995 4227 1066 4277 Flor.
1079 4228 1110 4276 31
1122 4226 1211 4278 Gamb.
1223 4229 1264 4278 ior

124 4322 157 4356 us.
291 4307 339 4358 917
357 4313 434 4356 torres
445 4306 525 4356 Lach.
537 4307 577 4356 ior
589 4301 666 4357 terret
677 4308 707 4366 A,
720 4315 801 4358 torret
812 4309 834 4358 A
845 4324 910 4359 corr.
922 4310 944 4358 B
956 4309 1026 4360 Nico.
1071 4318 1139 4360 terra
1149 4310 1219 4361 Flor.
1231 4311 1262 4362 31

123 4387 147 4439 b.
167 4387 238 4438 Mon.
255 4386 347 4437 hamb.
515 4389 562 4439 919
578 4390 687 4452 requirit
703 4389 771 4440 Flcr.
791 4391 822 4441 29
839 4404 902 4440 corr.
922 4390 1070 4456 (Politianl)
1088 4391 1177 4441 eamb.
1195 4407 1258 4444 corr.
