2804 4786
624 212 680 278 ΙΙΙ

126 376 285 463 quidquid
306 375 343 442 id
365 383 423 452 est,
446 373 606 439 habeant:
636 382 674 438 tu
696 381 805 438 cetera
826 372 956 458 percipe
979 373 1079 437 dicta.

171 479 269 545 Nunc
291 478 437 544 animum
459 485 560 563 atque
581 476 723 541 animam
746 475 818 540 dico
840 476 1014 541 coniuncta
1036 476 1146 541 teneri

126 583 213 648 inter
234 604 269 648 ee
291 591 390 668 atque
411 603 511 646 unam
533 591 684 644 naturam
706 579 860 645 conficere
883 602 923 645 ex
946 602 990 657 se,

128 682 185 747 sed
207 690 306 768 caput
328 702 397 746 ease
420 679 512 765 quasi
534 687 569 743 et
590 679 750 743 dominari
771 678 806 742 in
828 700 958 764 corpore
982 690 1054 743 toto

127 784 296 849 consilium
319 783 403 868 quod
426 803 485 847 noa
505 781 652 846 animum
675 789 882 866 mentemque
905 803 1066 846 vocamus

126 888 225 974 idque
246 887 347 952 situm
369 886 478 950 media
498 885 628 972 regione
650 885 685 949 in
707 885 845 971 pectoris
867 885 988 950 haeret.

128 987 181 1051 hic
204 987 332 1051 exultat
354 985 441 1050 enim
464 1007 564 1071 pavor
585 1007 623 1049 ao
644 992 762 1062 metus,
783 984 863 1049 haec
885 983 954 1048 loca
976 984 1099 1048 circum

128 1091 272 1156 laetitiae
296 1091 458 1169 mulcent;
490 1089 543 1154 hic
566 1111 642 1176 ergo
664 1111 755 1154 mens
777 1089 1010 1173 animusquest.

128 1200 236 1254 cetera
257 1212 332 1275 pars
354 1190 480 1254 animae
503 1211 561 1274 per
582 1197 690 1254 totum
712 1188 827 1253 dissita
848 1210 964 1274 corpus

129 1299 223 1376 paret
245 1298 279 1355 et
301 1291 342 1355 ad
364 1311 486 1354 numen
509 1288 628 1354 mentis
650 1310 842 1374 momenque
864 1296 1023 1354 movetur.

129 1393 227 1479 idque
250 1393 312 1459 sibi
334 1394 438 1459 solum
460 1415 518 1479 per
539 1415 573 1458 se
596 1392 690 1477 sapit,
712 1392 748 1457 id
770 1391 832 1457 sibi
854 1391 986 1478 gaudet,

128 1519 202 1562 cum
224 1520 329 1584 neque
351 1519 402 1562 res
424 1497 565 1562 animam
588 1519 695 1581 neque
716 1518 831 1581 corpus
853 1504 1034 1561 commovet
1057 1518 1131 1561 una

128 1605 163 1661 et
184 1597 285 1682 quasi,
307 1619 381 1662 cum
403 1606 502 1681 caput
523 1602 582 1660 aut
604 1595 715 1660 oculus
737 1603 921 1681 temptante
944 1595 1052 1659 dolore

129 1702 269 1768 laeditur
290 1701 325 1765 in
347 1701 449 1778 nobis,
472 1723 537 1765 non
559 1700 648 1765 omni
670 1699 911 1765 concruciamur

129 1826 267 1890 corpore,
290 1804 336 1869 sic
357 1804 485 1868 animus
507 1824 751 1887 nonnumquam
773 1801 914 1866 laeditur
935 1801 1005 1886 ipse

128 1908 317 1994 laetitiaque
339 1908 438 1994 viget,
460 1929 535 1971 cum
556 1915 664 1971 cetera
685 1927 760 1992 pars
781 1905 902 1970 animai

128 2033 185 2096 per
207 2011 351 2076 membra
372 2019 472 2097 atque
494 2019 585 2101 artus
606 2010 696 2074 nulla
717 2010 863 2076 novitate
885 2009 996 2075 cietur.

128 2139 240 2181 verum
263 2115 320 2180 ubi
341 2114 486 2180 vementi
508 2114 611 2199 magis
632 2122 684 2178 est
705 2122 867 2178 commota
887 2121 979 2178 metu
1001 2135 1105 2190 mene,

129 2218 309 2284 consentire
331 2217 473 2284 animam
495 2225 600 2281 totam
622 2239 680 2303 per
701 2216 846 2282 membra
868 2216 1016 2281 videmus

130 2323 325 2409 sudoresque
347 2324 396 2388 ita
416 2323 636 2409 palloremque
659 2322 798 2387 existere
820 2329 890 2386 toto

130 2449 273 2517 corpore,
282 2434 317 2492 et
338 2425 471 2512 infringi
493 2425 639 2512 linguam
662 2446 837 2509 vocemque
859 2423 986 2500 aboriri,

129 2530 267 2616 caligare
289 2529 406 2605 oculos,
428 2550 540 2593 sonere
562 2527 658 2605 auris,
680 2527 843 2592 succidere
864 2535 964 2603 artus,
1069 2565 1072 2570 ·

128 2631 268 2718 denique
290 2633 456 2698 concidere
479 2655 519 2696 ex
541 2631 642 2696 animi
664 2639 784 2696 terrore
806 2631 954 2697 videmus

129 2757 224 2821 saepe
247 2736 394 2800 homines
406 2757 414 2815 ;
440 2736 533 2800 facile
556 2744 594 2800 ut
617 2735 722 2821 quivis
744 2734 820 2799 hinc
841 2756 972 2799 noscere
994 2733 1098 2820 possit

129 2862 196 2904 esse
218 2839 361 2903 animam
383 2862 457 2904 cum
480 2839 588 2904 animo
611 2838 824 2914 coniunctam,
847 2860 1026 2924 quaecum
1049 2838 1152 2903 animi
1176 2863 1184 2905 r

127 2952 316 3030 percusserat,
339 2944 426 3009 exim
448 2965 563 3027 corpus
584 2941 737 3027 propellit
758 2950 793 3006 et
815 2941 880 3007 icit.

171 3047 261 3110 Haec
284 3045 398 3111 eadem
420 3045 503 3109 ratio
524 3052 676 3109 naturam
698 3043 799 3108 animi
821 3052 920 3129 atque
943 3042 1064 3107 animai

127 3171 310 3234 corpoream
332 3149 426 3213 docet
448 3170 517 3213 esse
529 3169 537 3227 ;
566 3147 623 3212 ubi
645 3146 733 3211 enim
755 3146 932 3231 propellere
954 3146 1109 3225 membra,

127 3253 284 3338 corripere
307 3275 347 3317 ex
369 3274 480 3317 somno
503 3274 617 3337 corpus
639 3259 830 3336 mutareque
852 3250 982 3315 vultum

126 3366 224 3442 atque
247 3355 410 3420 hominem
433 3363 539 3419 totum
563 3376 673 3440 regere
695 3375 732 3418 ao
755 3375 879 3417 versare
902 3352 1041 3429 videtur,

127 3482 263 3546 quorum
285 3459 331 3524 nil
354 3458 424 3523 fieri
446 3458 516 3523 sine
538 3466 629 3522 tactu
652 3479 743 3543 posse
767 3455 914 3520 videmus

37 3581 38 3586 ’
125 3585 185 3628 nec
207 3571 333 3629 tactum
355 3585 448 3648 porro
471 3562 540 3627 sine
563 3583 700 3647 corpore,
723 3582 830 3625 nonne
854 3561 1058 3626 fatendumst

126 3689 277 3752 corporea
298 3676 417 3732 natura
438 3667 585 3731 animum
607 3674 753 3731 constare
775 3664 1007 3751 animamque?
1118 3647 1123 3658 ⁶

125 3781 293 3857 praeterea
314 3771 436 3856 pariter
457 3771 550 3857 fungi
572 3794 646 3835 cum
668 3792 797 3856 corpore
820 3778 853 3835 et
876 3793 942 3834 una

126 3875 306 3940 consentire
328 3874 474 3938 animum
496 3874 589 3939 nobis
610 3874 645 3938 in
667 3896 796 3960 corpore
819 3873 930 3939 cernis.

5 4144 7 4148 Δ
38 4117 83 4168 the
99 4116 143 4167 old
158 4117 268 4180 vulgate.
388 4117 435 4166 135
451 4119 481 4167 id
498 4116 580 4168 added
595 4117 630 4181 by
646 4119 714 4168 Flor.
733 4120 763 4168 31
782 4119 871 4169 camb.
991 4122 1037 4171 145
1053 4123 1131 4185 sapit,
1150 4125 1178 4173 id

40 4198 114 4249 Wak.
132 4199 171 4248 lor
186 4201 256 4262 rapit
271 4201 331 4249 eibi.
374 4200 443 4262 rapit
460 4207 484 4249 et
500 4201 550 4248 cibi
566 4199 636 4250 Nico.
653 4200 722 4262 vulg.
865 4201 913 4250 154
929 4204 968 4251 ito
982 4203 1153 4266 palloremque
1172 4205 1184 4254 l

40 4281 102 4331 Mar.
123 4283 172 4330 ete.
189 4281 229 4330 for
244 4282 333 4345 itaque
345 4282 476 4344 pallorem.
509 4283 597 4344 itaque
614 4289 639 4331 et
652 4283 776 4344 pallorem
791 4281 882 4333 Lamb.
903 4287 968 4334 eto..
1053 4285 1101 4335 159
1117 4288 1184 4336 caim

39 4362 103 4413 Van.
121 4361 186 4413 Mar.
203 4361 260 4414 first
276 4362 318 4413 for
333 4363 431 4413 animi:
448 4360 527 4414 Laoh.
547 4363 571 4411 is
587 4377 693 4426 wrong:
709 4363 778 4416 Flor.
797 4364 829 4412 31
846 4363 1042 4419 roadaaaimoa'.
1079 4364 1139 4416 Ver.
1152 4381 1184 4416 on
