<?xml version="1.0" encoding="UTF-8"?>
<!DOCTYPE html PUBLIC "-//W3C//DTD XHTML 1.0 Transitional//EN"
    "http://www.w3.org/TR/xhtml1/DTD/xhtml1-transitional.dtd">
<html xmlns="http://www.w3.org/1999/xhtml" xml:lang="en" lang="en">
 <head>
  <title>
</title>
<meta http-equiv="Content-Type" content="text/html;charset=utf-8" />
  <meta name='ocr-system' content='tesseract 3.04.00' />
  <meta name='ocr-capabilities' content='ocr_page ocr_carea ocr_par ocr_line ocrx_word'/>
</head>
<body>
  <div class='ocr_page' id='page_1' title='image "./tlucreticarider02duffgoog_0117.png"; bbox 0 0 2834 4792; ppageno 0'>
   <div class='ocr_carea' id='block_1_1' title="bbox 697 216 735 282">
    <p class='ocr_par' dir='ltr' id='par_1_1' title="bbox 697 216 735 282">
     <span class='ocr_line' id='line_1_1' title="bbox 697 216 735 282; baseline 0 0"><span class='ocrx_word' id='word_1_1' title='bbox 697 216 735 282; x_wconf 91' lang='lat'>11</span> 
     </span>
    </p>
   </div>
   <div class='ocr_carea' id='block_1_2' title="bbox 148 378 1271 3776">
    <p class='ocr_par' dir='ltr' id='par_1_2' title="bbox 193 378 1271 3158">
     <span class='ocr_line' id='line_1_2' title="bbox 205 378 956 461; baseline 0.003 -17"><span class='ocrx_word' id='word_1_2' title='bbox 205 380 258 445; x_wconf 92' lang='lat' dir='ltr'>cui</span> <span class='ocrx_word' id='word_1_3' title='bbox 280 378 395 444; x_wconf 90' lang='lat' dir='ltr'>similis</span> <span class='ocrx_word' id='word_1_4' title='bbox 417 387 487 444; x_wconf 86' lang='lat' dir='ltr'>toto</span> <span class='ocrx_word' id='word_1_5' title='bbox 509 387 668 443; x_wconf 90' lang='lat' dir='ltr'>terrarum</span> <span class='ocrx_word' id='word_1_6' title='bbox 690 379 783 447; x_wconf 73' lang='lat' dir='ltr'>ouda</span> <span class='ocrx_word' id='word_1_7' title='bbox 803 379 848 445; x_wconf 91' lang='lat' dir='ltr'>sit</span> <span class='ocrx_word' id='word_1_8' title='bbox 870 381 956 461; x_wconf 91' lang='lat' dir='ltr'>orbi;</span> 
     </span>
     <span class='ocr_line' id='line_1_3' title="bbox 203 481 876 548; baseline -0.001 -1"><span class='ocrx_word' id='word_1_9' title='bbox 203 483 331 548; x_wconf 89' lang='lat' dir='ltr'>infinita</span> <span class='ocrx_word' id='word_1_10' title='bbox 353 491 464 548; x_wconf 89' lang='lat' dir='ltr'>tamen</span> <span class='ocrx_word' id='word_1_11' title='bbox 485 481 549 546; x_wconf 89' lang='lat' dir='ltr'>nisi</span> <span class='ocrx_word' id='word_1_12' title='bbox 571 481 633 547; x_wconf 89' lang='lat' dir='ltr'>erit</span> <span class='ocrx_word' id='word_1_13' title='bbox 657 481 706 547; x_wconf 90' lang='lat' dir='ltr'>vis</span> <span class='ocrx_word' id='word_1_14' title='bbox 728 481 876 548; x_wconf 87' lang='lat' dir='ltr'>materiai</span> 
     </span>
     <span class='ocr_line' id='line_1_4' title="bbox 204 585 1271 674; baseline 0 -22"><span class='ocrx_word' id='word_1_15' title='bbox 204 587 289 653; x_wconf 92' lang='lat' dir='ltr'>unde</span> <span class='ocrx_word' id='word_1_16' title='bbox 312 609 350 652; x_wconf 89' lang='lat' dir='ltr'>ea</span> <span class='ocrx_word' id='word_1_17' title='bbox 371 585 521 673; x_wconf 82' lang='lat' dir='ltr'>progigni</span> <span class='ocrx_word' id='word_1_18' title='bbox 543 585 644 672; x_wconf 79' lang='lat' dir='ltr'>possit</span> <span class='ocrx_word' id='word_1_19' title='bbox 666 595 828 674; x_wconf 79' lang='lat' dir='ltr'>concepta,</span> <span class='ocrx_word' id='word_1_20' title='bbox 850 586 950 652; x_wconf 90' lang='lat' dir='ltr'>creari</span> <span class='ocrx_word' id='word_1_21' title='bbox 1261 610 1271 674; x_wconf 92' lang='lat'>!</span> 
     </span>
     <span class='ocr_line' id='line_1_5' title="bbox 202 691 1201 779; baseline 0.004 -23"><span class='ocrx_word' id='word_1_22' title='bbox 202 715 266 756; x_wconf 95' lang='lat' dir='ltr'>non</span> <span class='ocrx_word' id='word_1_23' title='bbox 290 691 419 777; x_wconf 88' lang='lat' dir='ltr'>poterit,</span> <span class='ocrx_word' id='word_1_24' title='bbox 440 713 555 776; x_wconf 89' lang='lat' dir='ltr'>neque,</span> <span class='ocrx_word' id='word_1_25' title='bbox 578 691 663 776; x_wconf 92' lang='lat' dir='ltr'>quod</span> <span class='ocrx_word' id='word_1_26' title='bbox 686 700 841 776; x_wconf 77' lang='lat' dir='ltr'>superest,</span> <span class='ocrx_word' id='word_1_27' title='bbox 862 713 1060 777; x_wconf 81' lang='lat' dir='ltr'>procrescere</span> <span class='ocrx_word' id='word_1_28' title='bbox 1082 693 1201 779; x_wconf 90' lang='lat' dir='ltr'>alique.</span> 
     </span>
     <span class='ocr_line' id='line_1_6' title="bbox 202 794 1234 882; baseline 0.004 -22"><span class='ocrx_word' id='word_1_29' title='bbox 202 797 322 882; x_wconf 91' lang='lat' dir='ltr'>quippe</span> <span class='ocrx_word' id='word_1_30' title='bbox 344 795 466 860; x_wconf 89' lang='lat' dir='ltr'>etenim</span> <span class='ocrx_word' id='word_1_31' title='bbox 488 816 613 859; x_wconf 89' lang='lat' dir='ltr'>sumam</span> <span class='ocrx_word' id='word_1_32' title='bbox 637 794 696 859; x_wconf 90' lang='lat' dir='ltr'>hoc</span> <span class='ocrx_word' id='word_1_33' title='bbox 718 817 845 882; x_wconf 91' lang='lat' dir='ltr'>quoque</span> <span class='ocrx_word' id='word_1_34' title='bbox 867 795 918 860; x_wconf 91' lang='lat' dir='ltr'>uti</span> <span class='ocrx_word' id='word_1_35' title='bbox 940 796 1034 862; x_wconf 88' lang='lat' dir='ltr'>finita</span> <span class='ocrx_word' id='word_1_36' title='bbox 1055 820 1114 882; x_wconf 91' lang='lat' dir='ltr'>per</span> <span class='ocrx_word' id='word_1_37' title='bbox 1136 821 1234 864; x_wconf 90' lang='lat' dir='ltr'>omne</span> 
     </span>
     <span class='ocr_line' id='line_1_7' title="bbox 201 898 840 986; baseline -0.003 -21"><span class='ocrx_word' id='word_1_38' title='bbox 201 923 333 986; x_wconf 87' lang='lat' dir='ltr'>corpora</span> <span class='ocrx_word' id='word_1_39' title='bbox 353 899 466 964; x_wconf 88' lang='lat' dir='ltr'>iactari</span> <span class='ocrx_word' id='word_1_40' title='bbox 488 898 585 963; x_wconf 90' lang='lat' dir='ltr'>unius</span> <span class='ocrx_word' id='word_1_41' title='bbox 607 898 764 986; x_wconf 72' lang='lat' dir='ltr'>genitalia</span> <span class='ocrx_word' id='word_1_42' title='bbox 785 899 840 976; x_wconf 89' lang='lat' dir='ltr'>rei,</span> 
     </span>
     <span class='ocr_line' id='line_1_8' title="bbox 200 1003 1113 1090; baseline 0 -21"><span class='ocrx_word' id='word_1_43' title='bbox 200 1004 286 1070; x_wconf 92' lang='lat' dir='ltr'>unde</span> <span class='ocrx_word' id='word_1_44' title='bbox 308 1003 366 1069; x_wconf 92' lang='lat' dir='ltr'>ubi</span> <span class='ocrx_word' id='word_1_45' title='bbox 388 1025 453 1089; x_wconf 91' lang='lat' dir='ltr'>qua</span> <span class='ocrx_word' id='word_1_46' title='bbox 475 1003 507 1067; x_wconf 90' lang='lat' dir='ltr'>vi</span> <span class='ocrx_word' id='word_1_47' title='bbox 530 1011 563 1068; x_wconf 92' lang='lat' dir='ltr'>et</span> <span class='ocrx_word' id='word_1_48' title='bbox 586 1025 649 1088; x_wconf 91' lang='lat' dir='ltr'>quo</span> <span class='ocrx_word' id='word_1_49' title='bbox 671 1013 767 1089; x_wconf 90' lang='lat' dir='ltr'>pacto</span> <span class='ocrx_word' id='word_1_50' title='bbox 788 1025 958 1090; x_wconf 88' lang='lat' dir='ltr'>congressa</span> <span class='ocrx_word' id='word_1_51' title='bbox 979 1005 1113 1070; x_wconf 91' lang='lat' dir='ltr'>coibunt</span> 
     </span>
     <span class='ocr_line' id='line_1_9' title="bbox 201 1106 1000 1192; baseline -0.001 -19"><span class='ocrx_word' id='word_1_52' title='bbox 201 1107 355 1173; x_wconf 91' lang='lat' dir='ltr'>materiae</span> <span class='ocrx_word' id='word_1_53' title='bbox 378 1114 470 1170; x_wconf 88' lang='lat' dir='ltr'>tanto</span> <span class='ocrx_word' id='word_1_54' title='bbox 493 1107 528 1170; x_wconf 92' lang='lat' dir='ltr'>in</span> <span class='ocrx_word' id='word_1_55' title='bbox 549 1106 664 1192; x_wconf 77' lang='lat' dir='ltr'>pelago</span> <span class='ocrx_word' id='word_1_56' title='bbox 685 1107 846 1192; x_wconf 89' lang='lat' dir='ltr'>turbaque</span> <span class='ocrx_word' id='word_1_57' title='bbox 868 1106 1000 1172; x_wconf 78' lang='lat' dir='ltr'>aliena?</span> 
     </span>
     <span class='ocr_line' id='line_1_10' title="bbox 200 1209 1036 1298; baseline -0.005 -20"><span class='ocrx_word' id='word_1_58' title='bbox 200 1237 273 1290; x_wconf 91' lang='lat' dir='ltr'>non,</span> <span class='ocrx_word' id='word_1_59' title='bbox 296 1220 334 1276; x_wconf 88' lang='lat' dir='ltr'>ut</span> <span class='ocrx_word' id='word_1_60' title='bbox 357 1211 477 1298; x_wconf 91' lang='lat' dir='ltr'>opinor,</span> <span class='ocrx_word' id='word_1_61' title='bbox 500 1210 621 1275; x_wconf 87' lang='lat' dir='ltr'>habent</span> <span class='ocrx_word' id='word_1_62' title='bbox 643 1211 801 1276; x_wconf 89' lang='lat' dir='ltr'>rationem</span> <span class='ocrx_word' id='word_1_63' title='bbox 823 1209 1036 1290; x_wconf 81' lang='lat' dir='ltr'>conciliandi3</span> 
     </span>
     <span class='ocr_line' id='line_1_11' title="bbox 199 1315 1052 1402; baseline -0.005 -20"><span class='ocrx_word' id='word_1_64' title='bbox 199 1317 255 1382; x_wconf 88' lang='lat' dir='ltr'>sed</span> <span class='ocrx_word' id='word_1_65' title='bbox 277 1316 369 1401; x_wconf 90' lang='lat' dir='ltr'>quasi</span> <span class='ocrx_word' id='word_1_66' title='bbox 391 1315 568 1402; x_wconf 86' lang='lat' dir='ltr'>naufragiis</span> <span class='ocrx_word' id='word_1_67' title='bbox 590 1315 716 1401; x_wconf 91' lang='lat' dir='ltr'>magnis</span> <span class='ocrx_word' id='word_1_68' title='bbox 737 1315 913 1400; x_wconf 89' lang='lat' dir='ltr'>multisque</span> <span class='ocrx_word' id='word_1_69' title='bbox 935 1315 1052 1379; x_wconf 86' lang='lat' dir='ltr'>coortis</span> 
     </span>
     <span class='ocr_line' id='line_1_12' title="bbox 198 1418 1087 1504; baseline -0.003 -20"><span class='ocrx_word' id='word_1_70' title='bbox 198 1420 366 1484; x_wconf 76' lang='lat' dir='ltr'>disiectare</span> <span class='ocrx_word' id='word_1_71' title='bbox 388 1418 469 1482; x_wconf 92' lang='lat' dir='ltr'>solet</span> <span class='ocrx_word' id='word_1_72' title='bbox 492 1440 645 1503; x_wconf 86' lang='lat' dir='ltr'>magnum</span> <span class='ocrx_word' id='word_1_73' title='bbox 668 1439 755 1482; x_wconf 91' lang='lat' dir='ltr'>mare</span> <span class='ocrx_word' id='word_1_74' title='bbox 778 1426 920 1482; x_wconf 88' lang='lat' dir='ltr'>transtra</span> <span class='ocrx_word' id='word_1_75' title='bbox 940 1418 1087 1504; x_wconf 89' lang='lat' dir='ltr'>guberna</span> 
     </span>
     <span class='ocr_line' id='line_1_13' title="bbox 198 1519 1009 1606; baseline -0.005 -18"><span class='ocrx_word' id='word_1_76' title='bbox 198 1532 367 1588; x_wconf 75' lang='lat' dir='ltr'>antemnas</span> <span class='ocrx_word' id='word_1_77' title='bbox 390 1543 516 1606; x_wconf 90' lang='lat' dir='ltr'>proram</span> <span class='ocrx_word' id='word_1_78' title='bbox 539 1521 639 1586; x_wconf 87' lang='lat' dir='ltr'>malos</span> <span class='ocrx_word' id='word_1_79' title='bbox 661 1530 834 1606; x_wconf 90' lang='lat' dir='ltr'>tonsasque</span> <span class='ocrx_word' id='word_1_80' title='bbox 856 1519 1009 1596; x_wconf 87' lang='lat' dir='ltr'>natantis,</span> 
     </span>
     <span class='ocr_line' id='line_1_14' title="bbox 198 1623 1008 1712; baseline -0.004 -22"><span class='ocrx_word' id='word_1_81' title='bbox 198 1649 256 1712; x_wconf 88' lang='lat' dir='ltr'>per</span> <span class='ocrx_word' id='word_1_82' title='bbox 278 1634 435 1690; x_wconf 88' lang='lat' dir='ltr'>terrarum</span> <span class='ocrx_word' id='word_1_83' title='bbox 459 1623 562 1688; x_wconf 92' lang='lat' dir='ltr'>omnis</span> <span class='ocrx_word' id='word_1_84' title='bbox 584 1646 654 1688; x_wconf 88' lang='lat' dir='ltr'>oras</span> <span class='ocrx_word' id='word_1_85' title='bbox 676 1623 842 1688; x_wconf 88' lang='lat' dir='ltr'>fluitantia</span> <span class='ocrx_word' id='word_1_86' title='bbox 863 1623 1008 1708; x_wconf 89' lang='lat' dir='ltr'>aplustra</span> 
     </span>
     <span class='ocr_line' id='line_1_15' title="bbox 199 1727 1010 1804; baseline -0.001 -10"><span class='ocrx_word' id='word_1_87' title='bbox 199 1739 236 1794; x_wconf 89' lang='lat' dir='ltr'>ut</span> <span class='ocrx_word' id='word_1_88' title='bbox 259 1728 432 1792; x_wconf 89' lang='lat' dir='ltr'>videantur</span> <span class='ocrx_word' id='word_1_89' title='bbox 454 1737 488 1792; x_wconf 92' lang='lat' dir='ltr'>et</span> <span class='ocrx_word' id='word_1_90' title='bbox 510 1727 667 1792; x_wconf 90' lang='lat' dir='ltr'>indicium</span> <span class='ocrx_word' id='word_1_91' title='bbox 689 1728 880 1793; x_wconf 79' lang='lat' dir='ltr'>mortalibus</span> <span class='ocrx_word' id='word_1_92' title='bbox 902 1728 1010 1804; x_wconf 88' lang='lat' dir='ltr'>edant,</span> 
     </span>
     <span class='ocr_line' id='line_1_16' title="bbox 198 1829 924 1915; baseline -0.001 -20"><span class='ocrx_word' id='word_1_93' title='bbox 198 1831 290 1895; x_wconf 87' lang='lat' dir='ltr'>infidi</span> <span class='ocrx_word' id='word_1_94' title='bbox 312 1830 409 1894; x_wconf 91' lang='lat' dir='ltr'>maris</span> <span class='ocrx_word' id='word_1_95' title='bbox 432 1830 564 1894; x_wconf 86' lang='lat' dir='ltr'>insidias</span> <span class='ocrx_word' id='word_1_96' title='bbox 586 1829 727 1915; x_wconf 88' lang='lat' dir='ltr'>virisque</span> <span class='ocrx_word' id='word_1_97' title='bbox 750 1830 924 1915; x_wconf 91' lang='lat' dir='ltr'>dolumque</span> 
     </span>
     <span class='ocr_line' id='line_1_17' title="bbox 198 1932 1017 2019; baseline -0.002 -20"><span class='ocrx_word' id='word_1_98' title='bbox 198 1944 236 1999; x_wconf 90' lang='lat' dir='ltr'>ut</span> <span class='ocrx_word' id='word_1_99' title='bbox 258 1934 361 1998; x_wconf 88' lang='lat' dir='ltr'>vitare</span> <span class='ocrx_word' id='word_1_100' title='bbox 383 1933 494 2009; x_wconf 89' lang='lat' dir='ltr'>velint,</span> <span class='ocrx_word' id='word_1_101' title='bbox 517 1955 597 1997; x_wconf 90' lang='lat' dir='ltr'>neve</span> <span class='ocrx_word' id='word_1_102' title='bbox 620 1933 686 1997; x_wconf 94' lang='lat' dir='ltr'>ullo</span> <span class='ocrx_word' id='word_1_103' title='bbox 708 1941 853 2019; x_wconf 90' lang='lat' dir='ltr'>tempore</span> <span class='ocrx_word' id='word_1_104' title='bbox 875 1932 1017 2009; x_wconf 88' lang='lat' dir='ltr'>credant,</span> 
     </span>
     <span class='ocr_line' id='line_1_18' title="bbox 197 2034 955 2121; baseline -0.005 -19"><span class='ocrx_word' id='word_1_105' title='bbox 197 2036 330 2102; x_wconf 87' lang='lat' dir='ltr'>subdola</span> <span class='ocrx_word' id='word_1_106' title='bbox 352 2058 425 2100; x_wconf 89' lang='lat' dir='ltr'>cum</span> <span class='ocrx_word' id='word_1_107' title='bbox 448 2034 533 2100; x_wconf 90' lang='lat' dir='ltr'>ridet</span> <span class='ocrx_word' id='word_1_108' title='bbox 556 2034 673 2120; x_wconf 89' lang='lat' dir='ltr'>placidi</span> <span class='ocrx_word' id='word_1_109' title='bbox 696 2035 831 2121; x_wconf 92' lang='lat' dir='ltr'>pellacia</span> <span class='ocrx_word' id='word_1_110' title='bbox 853 2034 955 2121; x_wconf 86' lang='lat' dir='ltr'>ponti,</span> 
     </span>
     <span class='ocr_line' id='line_1_19' title="bbox 196 2139 990 2226; baseline -0.005 -20"><span class='ocrx_word' id='word_1_111' title='bbox 196 2142 241 2206; x_wconf 90' lang='lat' dir='ltr'>sic</span> <span class='ocrx_word' id='word_1_112' title='bbox 263 2141 325 2205; x_wconf 90' lang='lat' dir='ltr'>tibi</span> <span class='ocrx_word' id='word_1_113' title='bbox 347 2140 375 2204; x_wconf 93' lang='lat' dir='ltr'>si</span> <span class='ocrx_word' id='word_1_114' title='bbox 398 2139 491 2204; x_wconf 89' lang='lat' dir='ltr'>finita</span> <span class='ocrx_word' id='word_1_115' title='bbox 512 2140 612 2204; x_wconf 89' lang='lat' dir='ltr'>semel</span> <span class='ocrx_word' id='word_1_116' title='bbox 634 2139 809 2226; x_wconf 84' lang='lat' dir='ltr'>primordia</span> <span class='ocrx_word' id='word_1_117' title='bbox 832 2139 990 2224; x_wconf 89' lang='lat' dir='ltr'>quaedam</span> 
     </span>
     <span class='ocr_line' id='line_1_20' title="bbox 196 2244 1066 2329; baseline -0.002 -19"><span class='ocrx_word' id='word_1_118' title='bbox 196 2245 381 2320; x_wconf 84' lang='lat' dir='ltr'>constitues,</span> <span class='ocrx_word' id='word_1_119' title='bbox 404 2266 516 2308; x_wconf 91' lang='lat' dir='ltr'>aevom</span> <span class='ocrx_word' id='word_1_120' title='bbox 539 2244 704 2309; x_wconf 90' lang='lat' dir='ltr'>debebunt</span> <span class='ocrx_word' id='word_1_121' title='bbox 727 2266 836 2329; x_wconf 87' lang='lat' dir='ltr'>sparsa</span> <span class='ocrx_word' id='word_1_122' title='bbox 858 2266 1066 2329; x_wconf 91' lang='lat' dir='ltr'>peromnem</span> 
     </span>
     <span class='ocr_line' id='line_1_21' title="bbox 196 2347 817 2425; baseline -0.003 -11"><span class='ocrx_word' id='word_1_123' title='bbox 196 2350 365 2415; x_wconf 87' lang='lat' dir='ltr'>disiectare</span> <span class='ocrx_word' id='word_1_124' title='bbox 388 2357 497 2413; x_wconf 89' lang='lat' dir='ltr'>aestus</span> <span class='ocrx_word' id='word_1_125' title='bbox 519 2347 637 2412; x_wconf 84' lang='lat' dir='ltr'>diversi</span> <span class='ocrx_word' id='word_1_126' title='bbox 660 2347 817 2425; x_wconf 86' lang='lat' dir='ltr'>materiai,</span> 
     </span>
     <span class='ocr_line' id='line_1_22' title="bbox 195 2448 1126 2535; baseline 0 -21"><span class='ocrx_word' id='word_1_127' title='bbox 195 2472 373 2535; x_wconf 87' lang='lat' dir='ltr'>numquam</span> <span class='ocrx_word' id='word_1_128' title='bbox 395 2448 430 2512; x_wconf 95' lang='lat' dir='ltr'>in</span> <span class='ocrx_word' id='word_1_129' title='bbox 453 2448 623 2513; x_wconf 88' lang='lat' dir='ltr'>concilium</span> <span class='ocrx_word' id='word_1_130' title='bbox 646 2459 684 2515; x_wconf 93' lang='lat' dir='ltr'>ut</span> <span class='ocrx_word' id='word_1_131' title='bbox 705 2449 830 2533; x_wconf 90' lang='lat' dir='ltr'>possint</span> <span class='ocrx_word' id='word_1_132' title='bbox 853 2449 1019 2534; x_wconf 88' lang='lat' dir='ltr'>compulsa</span> <span class='ocrx_word' id='word_1_133' title='bbox 1042 2449 1126 2514; x_wconf 90' lang='lat' dir='ltr'>coire</span> 
     </span>
     <span class='ocr_line' id='line_1_23' title="bbox 195 2551 1060 2634; baseline -0.001 -15"><span class='ocrx_word' id='word_1_134' title='bbox 195 2576 254 2619; x_wconf 93' lang='lat' dir='ltr'>nec</span> <span class='ocrx_word' id='word_1_135' title='bbox 276 2553 427 2617; x_wconf 87' lang='lat' dir='ltr'>remorari</span> <span class='ocrx_word' id='word_1_136' title='bbox 449 2551 484 2616; x_wconf 90' lang='lat' dir='ltr'>in</span> <span class='ocrx_word' id='word_1_137' title='bbox 506 2552 639 2617; x_wconf 91' lang='lat' dir='ltr'>concilio</span> <span class='ocrx_word' id='word_1_138' title='bbox 660 2575 720 2617; x_wconf 88' lang='lat' dir='ltr'>nec</span> <span class='ocrx_word' id='word_1_139' title='bbox 741 2576 880 2618; x_wconf 91' lang='lat' dir='ltr'>creseere</span> <span class='ocrx_word' id='word_1_140' title='bbox 903 2552 1060 2634; x_wconf 82' lang='lat' dir='ltr'>adaucta3</span> 
     </span>
     <span class='ocr_line' id='line_1_24' title="bbox 193 2657 1143 2742; baseline 0.001 -21"><span class='ocrx_word' id='word_1_141' title='bbox 193 2679 330 2742; x_wconf 91' lang='lat' dir='ltr'>quorum</span> <span class='ocrx_word' id='word_1_142' title='bbox 353 2665 528 2741; x_wconf 91' lang='lat' dir='ltr'>utrumque</span> <span class='ocrx_word' id='word_1_143' title='bbox 550 2657 657 2742; x_wconf 88' lang='lat' dir='ltr'>palam</span> <span class='ocrx_word' id='word_1_144' title='bbox 680 2657 750 2721; x_wconf 91' lang='lat' dir='ltr'>fieri</span> <span class='ocrx_word' id='word_1_145' title='bbox 773 2657 944 2722; x_wconf 83' lang='lat' dir='ltr'>manifesta</span> <span class='ocrx_word' id='word_1_146' title='bbox 967 2657 1061 2723; x_wconf 90' lang='lat' dir='ltr'>docet</span> <span class='ocrx_word' id='word_1_147' title='bbox 1083 2680 1143 2736; x_wconf 82' lang='lat' dir='ltr'>rea,</span> 
     </span>
     <span class='ocr_line' id='line_1_25' title="bbox 194 2760 1017 2847; baseline 0 -20"><span class='ocrx_word' id='word_1_148' title='bbox 194 2772 228 2827; x_wconf 90' lang='lat' dir='ltr'>et</span> <span class='ocrx_word' id='word_1_149' title='bbox 250 2783 301 2825; x_wconf 89' lang='lat' dir='ltr'>res</span> <span class='ocrx_word' id='word_1_150' title='bbox 323 2760 472 2847; x_wconf 87' lang='lat' dir='ltr'>progigni</span> <span class='ocrx_word' id='word_1_151' title='bbox 495 2770 528 2825; x_wconf 90' lang='lat' dir='ltr'>et</span> <span class='ocrx_word' id='word_1_152' title='bbox 550 2761 677 2846; x_wconf 89' lang='lat' dir='ltr'>genitas</span> <span class='ocrx_word' id='word_1_153' title='bbox 699 2783 896 2847; x_wconf 89' lang='lat' dir='ltr'>procrescere</span> <span class='ocrx_word' id='word_1_154' title='bbox 919 2784 1017 2847; x_wconf 89' lang='lat' dir='ltr'>posse.</span> 
     </span>
     <span class='ocr_line' id='line_1_26' title="bbox 194 2862 1043 2949; baseline 0 -20"><span class='ocrx_word' id='word_1_155' title='bbox 194 2886 262 2929; x_wconf 89' lang='lat' dir='ltr'>esse</span> <span class='ocrx_word' id='word_1_156' title='bbox 285 2862 386 2949; x_wconf 90' lang='lat' dir='ltr'>igitur</span> <span class='ocrx_word' id='word_1_157' title='bbox 408 2885 525 2948; x_wconf 90' lang='lat' dir='ltr'>genere</span> <span class='ocrx_word' id='word_1_158' title='bbox 547 2862 582 2926; x_wconf 93' lang='lat' dir='ltr'>in</span> <span class='ocrx_word' id='word_1_159' title='bbox 605 2863 717 2948; x_wconf 90' lang='lat' dir='ltr'>quovis</span> <span class='ocrx_word' id='word_1_160' title='bbox 740 2864 913 2949; x_wconf 89' lang='lat' dir='ltr'>primordia</span> <span class='ocrx_word' id='word_1_161' title='bbox 935 2887 1043 2929; x_wconf 88' lang='lat' dir='ltr'>rerum</span> 
     </span>
     <span class='ocr_line' id='line_1_27' title="bbox 195 2967 1046 3053; baseline 0.002 -21"><span class='ocrx_word' id='word_1_162' title='bbox 195 2968 322 3032; x_wconf 88' lang='lat' dir='ltr'>infinita</span> <span class='ocrx_word' id='word_1_163' title='bbox 345 2968 452 3051; x_wconf 89' lang='lat' dir='ltr'>palam</span> <span class='ocrx_word' id='word_1_164' title='bbox 475 2976 525 3031; x_wconf 89' lang='lat' dir='ltr'>est</span> <span class='ocrx_word' id='word_1_165' title='bbox 548 2967 634 3032; x_wconf 91' lang='lat' dir='ltr'>unde</span> <span class='ocrx_word' id='word_1_166' title='bbox 657 2969 765 3032; x_wconf 89' lang='lat' dir='ltr'>omnia</span> <span class='ocrx_word' id='word_1_167' title='bbox 788 2969 1046 3053; x_wconf 89' lang='lat' dir='ltr'>suppeditantur.</span> 
     </span>
     <span class='ocr_line' id='line_1_28' title="bbox 238 3072 1067 3158; baseline 0.002 -23"><span class='ocrx_word' id='word_1_168' title='bbox 238 3072 309 3136; x_wconf 91' lang='lat' dir='ltr'>Nec</span> <span class='ocrx_word' id='word_1_169' title='bbox 331 3093 481 3157; x_wconf 90' lang='lat' dir='ltr'>superare</span> <span class='ocrx_word' id='word_1_170' title='bbox 505 3080 630 3157; x_wconf 89' lang='lat' dir='ltr'>queunt</span> <span class='ocrx_word' id='word_1_171' title='bbox 652 3082 760 3136; x_wconf 89' lang='lat' dir='ltr'>motus</span> <span class='ocrx_word' id='word_1_172' title='bbox 783 3072 895 3158; x_wconf 88' lang='lat' dir='ltr'>itaque</span> <span class='ocrx_word' id='word_1_173' title='bbox 918 3072 1067 3137; x_wconf 84' lang='lat' dir='ltr'>exitiales</span> 
     </span>
    </p>

    <p class='ocr_par' dir='ltr' id='par_1_3' title="bbox 193 3175 1055 3364">
     <span class='ocr_line' id='line_1_29' title="bbox 194 3175 1055 3261; baseline 0.001 -22"><span class='ocrx_word' id='word_1_174' title='bbox 194 3183 350 3261; x_wconf 89' lang='lat' dir='ltr'>perpetuo</span> <span class='ocrx_word' id='word_1_175' title='bbox 373 3197 477 3260; x_wconf 90' lang='lat' dir='ltr'>neque</span> <span class='ocrx_word' id='word_1_176' title='bbox 500 3175 534 3238; x_wconf 91' lang='lat' dir='ltr'>in</span> <span class='ocrx_word' id='word_1_177' title='bbox 558 3185 726 3240; x_wconf 91' lang='lat' dir='ltr'>aeternum</span> <span class='ocrx_word' id='word_1_178' title='bbox 750 3175 884 3261; x_wconf 91' lang='lat' dir='ltr'>sepelire</span> <span class='ocrx_word' id='word_1_179' title='bbox 908 3177 1055 3254; x_wconf 87' lang='lat' dir='ltr'>salutem,</span> 
     </span>
     <span class='ocr_line' id='line_1_30' title="bbox 193 3278 906 3364; baseline 0.001 -22"><span class='ocrx_word' id='word_1_180' title='bbox 193 3301 252 3342; x_wconf 91' lang='lat' dir='ltr'>nec</span> <span class='ocrx_word' id='word_1_181' title='bbox 274 3299 366 3363; x_wconf 90' lang='lat' dir='ltr'>porro</span> <span class='ocrx_word' id='word_1_182' title='bbox 388 3300 496 3342; x_wconf 89' lang='lat' dir='ltr'>rerum</span> <span class='ocrx_word' id='word_1_183' title='bbox 518 3278 678 3364; x_wconf 87' lang='lat' dir='ltr'>genitales</span> <span class='ocrx_word' id='word_1_184' title='bbox 699 3278 906 3364; x_wconf 90' lang='lat' dir='ltr'>auctificique</span> 
     </span>
    </p>

    <p class='ocr_par' dir='ltr' id='par_1_4' title="bbox 148 3373 1271 3776">
     <span class='ocr_line' id='line_1_31' title="bbox 148 3373 924 3465; baseline 0.003 -21"><span class='ocrx_word' id='word_1_185' title='bbox 148 3373 150 3379; x_wconf 47' lang='lat'><strong>¹</strong></span> <span class='ocrx_word' id='word_1_186' title='bbox 194 3389 300 3445; x_wconf 90' lang='lat' dir='ltr'>motus</span> <span class='ocrx_word' id='word_1_187' title='bbox 323 3388 480 3465; x_wconf 84' lang='lat' dir='ltr'>perpetuo</span> <span class='ocrx_word' id='word_1_188' title='bbox 502 3389 637 3465; x_wconf 91' lang='lat' dir='ltr'>possunt</span> <span class='ocrx_word' id='word_1_189' title='bbox 660 3403 785 3445; x_wconf 88' lang='lat' dir='ltr'>servare</span> <span class='ocrx_word' id='word_1_190' title='bbox 808 3391 924 3446; x_wconf 87' lang='lat' dir='ltr'>ereata.</span> 
     </span>
     <span class='ocr_line' id='line_1_32' title="bbox 192 3482 961 3570; baseline 0 -22"><span class='ocrx_word' id='word_1_191' title='bbox 192 3483 237 3548; x_wconf 89' lang='lat' dir='ltr'>sic</span> <span class='ocrx_word' id='word_1_192' title='bbox 259 3505 361 3568; x_wconf 90' lang='lat' dir='ltr'>aequo</span> <span class='ocrx_word' id='word_1_193' title='bbox 383 3482 506 3569; x_wconf 91' lang='lat' dir='ltr'>geritur</span> <span class='ocrx_word' id='word_1_194' title='bbox 528 3483 705 3548; x_wconf 91' lang='lat' dir='ltr'>certamine</span> <span class='ocrx_word' id='word_1_195' title='bbox 728 3484 961 3570; x_wconf 90' lang='lat' dir='ltr'>principiorum</span> 
     </span>
     <span class='ocr_line' id='line_1_33' title="bbox 192 3586 938 3672; baseline 0.001 -21"><span class='ocrx_word' id='word_1_196' title='bbox 192 3609 230 3651; x_wconf 87' lang='lat' dir='ltr'>ex</span> <span class='ocrx_word' id='word_1_197' title='bbox 253 3586 382 3651; x_wconf 89' lang='lat' dir='ltr'>infinito</span> <span class='ocrx_word' id='word_1_198' title='bbox 405 3596 606 3650; x_wconf 90' lang='lat' dir='ltr'>contractum</span> <span class='ocrx_word' id='word_1_199' title='bbox 630 3595 773 3672; x_wconf 90' lang='lat' dir='ltr'>tempore</span> <span class='ocrx_word' id='word_1_200' title='bbox 797 3587 938 3652; x_wconf 90' lang='lat' dir='ltr'>bellum:</span> 
     </span>
     <span class='ocr_line' id='line_1_34' title="bbox 192 3689 1271 3776; baseline 0.002 -23"><span class='ocrx_word' id='word_1_201' title='bbox 192 3712 277 3754; x_wconf 90' lang='lat' dir='ltr'>nunc</span> <span class='ocrx_word' id='word_1_202' title='bbox 301 3689 353 3753; x_wconf 89' lang='lat' dir='ltr'>hic</span> <span class='ocrx_word' id='word_1_203' title='bbox 374 3712 461 3754; x_wconf 91' lang='lat' dir='ltr'>nunc</span> <span class='ocrx_word' id='word_1_204' title='bbox 483 3690 550 3754; x_wconf 90' lang='lat' dir='ltr'>illic</span> <span class='ocrx_word' id='word_1_205' title='bbox 572 3702 727 3775; x_wconf 88' lang='lat' dir='ltr'>superant</span> <span class='ocrx_word' id='word_1_206' title='bbox 750 3690 863 3755; x_wconf 87' lang='lat' dir='ltr'>vitalia</span> <span class='ocrx_word' id='word_1_207' title='bbox 884 3714 993 3754; x_wconf 91' lang='lat' dir='ltr'>rerum</span> <span class='ocrx_word' id='word_1_208' title='bbox 1249 3709 1271 3776; x_wconf 44' lang='lat'>52</span> 
     </span>
    </p>
   </div>
   <div class='ocr_carea' id='block_1_3' title="bbox 101 3884 1271 4441">
    <p class='ocr_par' dir='ltr' id='par_1_5' title="bbox 101 3884 1271 4441">
     <span class='ocr_line' id='line_1_35' title="bbox 101 3884 1271 3953; baseline 0.003 -17"><span class='ocrx_word' id='word_1_209' title='bbox 101 3890 138 3936; x_wconf 76' lang='lat' dir='ltr'>sir</span> <span class='ocrx_word' id='word_1_210' title='bbox 156 3888 185 3935; x_wconf 81' lang='lat' dir='ltr'>ia</span> <span class='ocrx_word' id='word_1_211' title='bbox 201 3887 255 3936; x_wconf 82' lang='lat' dir='ltr'>orbi</span> <span class='ocrx_word' id='word_1_212' title='bbox 271 3884 294 3933; x_wconf 95' lang='lat' dir='ltr'>B</span> <span class='ocrx_word' id='word_1_213' title='bbox 311 3899 377 3934; x_wconf 89' lang='lat' dir='ltr'>corr.</span> <span class='ocrx_word' id='word_1_214' title='bbox 427 3900 476 3934; x_wconf 78' lang='lat' dir='ltr'>non</span> <span class='ocrx_word' id='word_1_215' title='bbox 492 3887 527 3934; x_wconf 78' lang='lat' dir='ltr'>stt</span> <span class='ocrx_word' id='word_1_216' title='bbox 543 3887 572 3933; x_wconf 82' lang='lat' dir='ltr'>in</span> <span class='ocrx_word' id='word_1_217' title='bbox 588 3887 645 3934; x_wconf 84' lang='lat' dir='ltr'>orbe</span> <span class='ocrx_word' id='word_1_218' title='bbox 662 3885 732 3934; x_wconf 86' lang='lat' dir='ltr'>Nico.</span> <span class='ocrx_word' id='word_1_219' title='bbox 750 3886 820 3935; x_wconf 86' lang='lat' dir='ltr'>Flor.</span> <span class='ocrx_word' id='word_1_220' title='bbox 838 3887 869 3934; x_wconf 83' lang='lat'>31</span> <span class='ocrx_word' id='word_1_221' title='bbox 887 3886 977 3936; x_wconf 79' lang='lat' dir='ltr'>camb.</span> <span class='ocrx_word' id='word_1_222' title='bbox 996 3887 1065 3940; x_wconf 88' lang='lat' dir='ltr'>Mon.</span> <span class='ocrx_word' id='word_1_223' title='bbox 1085 3889 1177 3951; x_wconf 82' lang='lat' dir='ltr'>vulgo:</span> <span class='ocrx_word' id='word_1_224' title='bbox 1194 3890 1271 3953; x_wconf 78' lang='lat' dir='ltr'>perlis</span> 
     </span>
     <span class='ocr_line' id='line_1_36' title="bbox 106 3967 1271 4032; baseline 0.004 -15"><span class='ocrx_word' id='word_1_225' title='bbox 106 3967 210 4031; x_wconf 83' lang='lat' dir='ltr'>rightly.</span> <span class='ocrx_word' id='word_1_226' title='bbox 324 3967 373 4017; x_wconf 77' lang='lat'>547</span> <span class='ocrx_word' id='word_1_227' title='bbox 389 3981 484 4016; x_wconf 73' lang='lat' dir='ltr'>mutum</span> <span class='ocrx_word' id='word_1_228' title='bbox 500 3967 544 4016; x_wconf 81' lang='lat' dir='ltr'>hoc</span> <span class='ocrx_word' id='word_1_229' title='bbox 562 3981 658 4029; x_wconf 80' lang='lat' dir='ltr'>quoque</span> <span class='ocrx_word' id='word_1_230' title='bbox 673 3969 713 4015; x_wconf 82' lang='lat' dir='ltr'>uti</span> <span class='ocrx_word' id='word_1_231' title='bbox 730 3967 778 4016; x_wconf 82' lang='lat' dir='ltr'>Ed</span> <span class='ocrx_word' id='word_1_232' title='bbox 800 3968 840 4016; x_wconf 84' lang='lat' dir='ltr'>for</span> <span class='ocrx_word' id='word_1_233' title='bbox 856 3967 900 4018; x_wconf 92' lang='lat' dir='ltr'>the</span> <span class='ocrx_word' id='word_1_234' title='bbox 917 3969 1090 4032; x_wconf 80' lang='lat' dir='ltr'>meaningless</span> <span class='ocrx_word' id='word_1_235' title='bbox 1105 3979 1206 4021; x_wconf 73' lang='lat' dir='ltr'>mutuat</span> <span class='ocrx_word' id='word_1_236' title='bbox 1223 3987 1271 4022; x_wconf 84' lang='lat' dir='ltr'>ocu</span> 
     </span>
     <span class='ocr_line' id='line_1_37' title="bbox 104 4047 1271 4112; baseline 0.006 -15"><span class='ocrx_word' id='word_1_237' title='bbox 104 4064 190 4112; x_wconf 91' lang='lat' dir='ltr'>comp.</span> <span class='ocrx_word' id='word_1_238' title='bbox 209 4049 265 4098; x_wconf 83' lang='grc'><strong><em>541.</em></strong></span> <span class='ocrx_word' id='word_1_239' title='bbox 297 4051 320 4098; x_wconf 80' lang='lat' dir='ltr'>st</span> <span class='ocrx_word' id='word_1_240' title='bbox 336 4051 486 4098; x_wconf 70' lang='lat' dir='ltr'>manticula</span> <span class='ocrx_word' id='word_1_241' title='bbox 499 4047 581 4098; x_wconf 82' lang='lat' dir='ltr'>Lech.</span> <span class='ocrx_word' id='word_1_242' title='bbox 597 4047 736 4111; x_wconf 79' lang='lat' dir='ltr'>strangely.</span> <span class='ocrx_word' id='word_1_243' title='bbox 772 4049 846 4098; x_wconf 86' lang='lat' dir='ltr'>Wak.</span> <span class='ocrx_word' id='word_1_244' title='bbox 858 4049 915 4099; x_wconf 85' lang='lat' dir='ltr'>tells</span> <span class='ocrx_word' id='word_1_245' title='bbox 927 4064 958 4100; x_wconf 91' lang='lat' dir='ltr'>us</span> <span class='ocrx_word' id='word_1_246' title='bbox 970 4051 1029 4101; x_wconf 87' lang='lat' dir='ltr'>that</span> <span class='ocrx_word' id='word_1_247' title='bbox 1040 4052 1125 4103; x_wconf 82' lang='lat' dir='ltr'>Bentl</span> <span class='ocrx_word' id='word_1_248' title='bbox 1140 4053 1271 4104; x_wconf 88' lang='lat' dir='ltr'>obelisedl</span> 
     </span>
     <span class='ocr_line' id='line_1_38' title="bbox 104 4126 1271 4194; baseline 0.006 -16"><span class='ocrx_word' id='word_1_249' title='bbox 104 4129 202 4187; x_wconf 86' lang='lat' dir='ltr'>words;</span> <span class='ocrx_word' id='word_1_250' title='bbox 220 4127 272 4178; x_wconf 88' lang='lat' dir='ltr'>and</span> <span class='ocrx_word' id='word_1_251' title='bbox 287 4127 309 4177; x_wconf 90' lang='lat' dir='ltr'>it</span> <span class='ocrx_word' id='word_1_252' title='bbox 324 4126 347 4177; x_wconf 92' lang='lat' dir='ltr'>is</span> <span class='ocrx_word' id='word_1_253' title='bbox 363 4131 467 4191; x_wconf 83' lang='lat' dir='ltr'>strange</span> <span class='ocrx_word' id='word_1_254' title='bbox 482 4128 541 4179; x_wconf 91' lang='lat' dir='ltr'>that</span> <span class='ocrx_word' id='word_1_255' title='bbox 557 4128 592 4178; x_wconf 93' lang='lat' dir='ltr'>all</span> <span class='ocrx_word' id='word_1_256' title='bbox 608 4128 704 4179; x_wconf 88' lang='lat' dir='ltr'>editors</span> <span class='ocrx_word' id='word_1_257' title='bbox 719 4128 805 4179; x_wconf 84' lang='lat' dir='ltr'>before</span> <span class='ocrx_word' id='word_1_258' title='bbox 816 4130 900 4188; x_wconf 72' lang='lat' dir='ltr'>Wak,</span> <span class='ocrx_word' id='word_1_259' title='bbox 913 4145 976 4180; x_wconf 82' lang='lat' dir='ltr'>even</span> <span class='ocrx_word' id='word_1_260' title='bbox 992 4131 1064 4182; x_wconf 87' lang='lat' dir='ltr'>Junt.</span> <span class='ocrx_word' id='word_1_261' title='bbox 1080 4133 1132 4182; x_wconf 88' lang='lat' dir='ltr'>and</span> <span class='ocrx_word' id='word_1_262' title='bbox 1147 4135 1271 4194; x_wconf 85' lang='lat' dir='ltr'>Lamb.,l</span> 
     </span>
     <span class='ocr_line' id='line_1_39' title="bbox 105 4209 1271 4275; baseline 0.008 -17"><span class='ocrx_word' id='word_1_263' title='bbox 105 4209 176 4260; x_wconf 90' lang='lat' dir='ltr'>them</span> <span class='ocrx_word' id='word_1_264' title='bbox 193 4209 349 4260; x_wconf 83' lang='lat' dir='ltr'>unnoticed:</span> <span class='ocrx_word' id='word_1_265' title='bbox 368 4210 442 4262; x_wconf 87' lang='lat' dir='ltr'>Wak.</span> <span class='ocrx_word' id='word_1_266' title='bbox 462 4211 529 4273; x_wconf 79' lang='lat' dir='ltr'>conj.</span> <span class='ocrx_word' id='word_1_267' title='bbox 549 4218 649 4261; x_wconf 79' lang='lat' dir='ltr'>sumunt</span> <span class='ocrx_word' id='word_1_268' title='bbox 664 4213 732 4262; x_wconf 81' lang='lat' dir='ltr'>ollei.</span> <span class='ocrx_word' id='word_1_269' title='bbox 832 4215 879 4262; x_wconf 85' lang='grc'>553</span> <span class='ocrx_word' id='word_1_270' title='bbox 895 4216 1007 4275; x_wconf 65' lang='lat' dir='ltr'>guberna</span> <span class='ocrx_word' id='word_1_271' title='bbox 1024 4215 1116 4265; x_wconf 86' lang='lat' dir='ltr'>Lamb.</span> <span class='ocrx_word' id='word_1_272' title='bbox 1133 4217 1175 4266; x_wconf 83' lang='lat' dir='ltr'>for</span> <span class='ocrx_word' id='word_1_273' title='bbox 1191 4233 1271 4267; x_wconf 74' lang='lat' dir='ltr'>caven</span> 
     </span>
     <span class='ocr_line' id='line_1_40' title="bbox 104 4292 1270 4360; baseline 0.005 -19"><span class='ocrx_word' id='word_1_274' title='bbox 104 4295 206 4342; x_wconf 70' lang='lat' dir='ltr'>carim</span> <span class='ocrx_word' id='word_1_275' title='bbox 217 4293 286 4342; x_wconf 86' lang='lat' dir='ltr'>Nioc.</span> <span class='ocrx_word' id='word_1_276' title='bbox 382 4293 429 4341; x_wconf 83' lang='lat'>555</span> <span class='ocrx_word' id='word_1_277' title='bbox 440 4295 555 4356; x_wconf 82' lang='lat' dir='ltr'>aplustra</span> <span class='ocrx_word' id='word_1_278' title='bbox 567 4292 681 4342; x_wconf 78' lang='lat' dir='ltr'>Politian</span> <span class='ocrx_word' id='word_1_279' title='bbox 693 4293 756 4344; x_wconf 88' lang='lat' dir='ltr'>Mar.</span> <span class='ocrx_word' id='word_1_280' title='bbox 772 4293 845 4343; x_wconf 86' lang='lat' dir='ltr'>Junt.</span> <span class='ocrx_word' id='word_1_281' title='bbox 858 4296 898 4343; x_wconf 84' lang='lat' dir='ltr'>for</span> <span class='ocrx_word' id='word_1_282' title='bbox 904 4297 1023 4359; x_wconf 81' lang='lat' dir='ltr'>pldustra</span> <span class='ocrx_word' id='word_1_283' title='bbox 1033 4297 1063 4356; x_wconf 88' lang='lat' dir='ltr'>A,</span> <span class='ocrx_word' id='word_1_284' title='bbox 1072 4299 1192 4360; x_wconf 78' lang='lat' dir='ltr'>plaustra</span> <span class='ocrx_word' id='word_1_285' title='bbox 1202 4299 1225 4347; x_wconf 93' lang='lat' dir='ltr'><strong>B</strong></span> <span class='ocrx_word' id='word_1_286' title='bbox 1237 4298 1270 4346; x_wconf 90' lang='lat' dir='ltr'>Ni</span> 
     </span>
     <span class='ocr_line' id='line_1_41' title="bbox 104 4373 1002 4441; baseline 0.007 -20"><span class='ocrx_word' id='word_1_287' title='bbox 104 4374 194 4423; x_wconf 73' lang='lat' dir='ltr'>(lamb.</span> <span class='ocrx_word' id='word_1_288' title='bbox 293 4374 341 4423; x_wconf 87' lang='grc'>560</span> <span class='ocrx_word' id='word_1_289' title='bbox 352 4375 375 4422; x_wconf 82' lang='lat' dir='ltr'>si</span> <span class='ocrx_word' id='word_1_290' title='bbox 379 4375 461 4436; x_wconf 80' lang='lat' dir='ltr'>finita</span> <span class='ocrx_word' id='word_1_291' title='bbox 471 4374 493 4422; x_wconf 93' lang='lat' dir='ltr'>B</span> <span class='ocrx_word' id='word_1_292' title='bbox 506 4388 571 4423; x_wconf 91' lang='lat' dir='ltr'>corr.</span> <span class='ocrx_word' id='word_1_293' title='bbox 583 4373 639 4425; x_wconf 88' lang='lat' dir='ltr'>Ver.</span> <span class='ocrx_word' id='word_1_294' title='bbox 655 4374 718 4423; x_wconf 89' lang='lat' dir='ltr'>Ven.</span> <span class='ocrx_word' id='word_1_295' title='bbox 731 4375 796 4424; x_wconf 87' lang='lat' dir='ltr'>Mar.</span> <span class='ocrx_word' id='word_1_296' title='bbox 807 4377 848 4426; x_wconf 89' lang='lat' dir='ltr'>for</span> <span class='ocrx_word' id='word_1_297' title='bbox 858 4381 881 4426; x_wconf 82' lang='lat' dir='ltr'>si</span> <span class='ocrx_word' id='word_1_298' title='bbox 893 4377 1002 4441; x_wconf 76' lang='lat' dir='ltr'>infinita.</span> 
     </span>
    </p>
   </div>
   <div class='ocr_carea' id='block_1_4' title="bbox 0 0 1422 4792">
    <p class='ocr_par' dir='ltr' id='par_1_6' title="bbox 0 0 1422 4792">
     <span class='ocr_line' id='line_1_42' title="bbox 0 0 1422 4792; baseline 0 4"><span class='ocrx_word' id='word_1_299' title='bbox 0 0 1422 4792; x_wconf 95' lang='lat' dir='ltr'> </span> 
     </span>
    </p>
   </div>
  </div>
 </body>
</html>
