2834 4792
190 345 961 435 exillaquaetumperiitpartitaperartns

189 457 378 535 quapropter
398 471 504 536 neque
523 450 626 515 natali
647 450 775 536 privata
795 451 928 517 videtur

190 573 252 617 esse
273 553 327 618 die
348 561 467 619 natura
486 553 613 619 animae
634 576 695 619 nec
716 554 839 620 funeris
861 577 982 642 expers

228 656 360 722 Semina
381 669 547 745 praeterea
568 658 759 745 linquontur
780 681 881 725 necne
903 660 1026 726 animai

191 780 314 846 corpore
336 761 371 826 in
392 763 564 827 exanimo?
606 761 693 849 quod
714 762 743 828 si
764 762 988 828 lincunturet
1010 763 1131 841 insunt,

191 861 267 929 haut
289 865 351 930 erit
373 873 412 930 ut
434 866 549 931 merito
571 865 753 931 inmortalis
774 867 874 952 pooeit
897 866 1018 944 haberi,

190 969 333 1052 partibus
354 969 479 1034 amissis
500 970 651 1056 quoniam
674 969 776 1035 libata
796 970 938 1037 recessit.

192 1069 236 1134 sin
259 1070 309 1136 ita
329 1071 460 1136 sinceris
482 1071 636 1137 membris
657 1070 768 1137 ablata
788 1073 932 1160 profugit

192 1182 224 1238 ut
245 1174 354 1239 nullas
375 1173 476 1260 partis
498 1174 534 1238 in
555 1196 685 1260 corpore
708 1174 840 1261 liquerit
863 1197 902 1239 ex
925 1197 969 1251 se,

192 1275 274 1342 unde
297 1275 452 1342 cadavera
473 1277 619 1342 rancenti
642 1277 707 1342 iam
731 1277 851 1342 viscere
873 1299 999 1342 vermes

191 1380 338 1466 expirant
359 1388 459 1467 atque
479 1382 567 1447 unde
588 1381 792 1447 animantum
814 1381 907 1468 copia
928 1391 1021 1446 tanta

189 1504 262 1549 exos
284 1493 319 1549 et
341 1484 497 1572 exanguis
519 1484 660 1551 tumidos
681 1485 877 1571 perfluctuat
899 1491 1014 1551 artus?

188 1587 274 1673 quod
298 1586 327 1652 si
349 1587 430 1652 forte
451 1587 576 1652 animas
597 1587 795 1652 extrinsecus
816 1588 973 1652 insinuari

185 1689 353 1756 vermibus
375 1699 409 1756 et
431 1691 539 1776 privas
561 1691 596 1755 in
617 1713 748 1776 corpora
770 1713 862 1777 posse
884 1692 994 1757 venire

184 1792 293 1856 credis
315 1814 374 1857 nec
395 1800 527 1879 reputas
549 1815 606 1858 cur
626 1793 718 1857 milia
739 1793 846 1858 multa
866 1794 1049 1858 animarum

182 1897 383 1963 conveniant
404 1897 491 1962 unde
513 1918 580 1962 una
599 1897 775 1974 recesserit,
796 1897 857 1962 hoc
879 1906 991 1962 tamen
1013 1909 1063 1963 est
1085 1906 1123 1962 ut

183 1999 412 2084 quaerendum
433 2000 583 2064 videatur
603 2007 638 2064 et
659 1999 695 2063 in
716 1998 889 2063 discrimen
911 2000 1082 2086 agendum,

181 2110 304 2166 utrum
326 2103 458 2168 tandem
480 2103 607 2167 animae
630 2109 791 2167 venentur
811 2102 935 2166 semina
957 2124 1104 2188 quaeque

183 2204 440 2271 vermiculorum
461 2207 614 2292 ipsaeque
637 2205 699 2270 sibi
722 2205 920 2271 fabricentur
941 2205 999 2271 ubi
1021 2208 1096 2281 sint,

184 2331 234 2373 an
258 2309 350 2395 quasi
370 2311 555 2397 corporibus
576 2310 728 2396 perfectis
748 2310 962 2376 insinuentur.

186 2425 226 2481 at
251 2437 357 2500 neque
378 2437 436 2480 cur
458 2415 579 2479 faciant
601 2415 690 2500 ipsae
714 2437 853 2500 quareve
876 2414 1023 2480 laborent
1246 2432 1310 2499 730

187 2519 299 2584 dicere
320 2517 516 2605 suppeditat.
540 2541 645 2606 neque
667 2519 763 2596 enim,
785 2519 854 2584 sine
877 2541 1006 2605 corpore
1029 2543 1103 2585 cum
1126 2528 1211 2596 sunt,

189 2621 350 2687 sollicitae
372 2622 511 2688 volitant
532 2622 654 2687 morbis
675 2622 816 2709 alguque
839 2623 1007 2708 fameque3

192 2748 310 2811 corpus
332 2726 419 2790 enim
440 2726 544 2813 magis
566 2725 617 2791 his
639 2725 728 2790 vitiis
750 2725 857 2791 adfine
880 2726 1004 2791 laborat

195 2838 230 2894 et
251 2829 338 2893 mala
359 2830 465 2895 multa
484 2830 614 2910 animus
636 2837 771 2917 contage
794 2831 943 2918 fungitur
965 2830 1042 2896 eius.

196 2931 253 2996 sed
275 2941 386 2998 tamen
408 2932 459 2997 his
481 2941 550 2998 esto
572 2932 721 3019 quamvis
743 2932 846 2998 facere
869 2934 950 2998 utile
972 2956 1095 3020 corpus,
1249 2949 1309 3015 735

200 3059 273 3101 cum
296 3036 452 3115 subeant3
481 3045 516 3101 at
538 3057 603 3121 qua
624 3037 749 3121 possint
771 3036 824 3101 via
846 3037 936 3102 nulla
959 3037 1095 3102 videtur.

198 3139 278 3203 haut
300 3138 403 3224 igitur
424 3138 549 3202 faciunt
571 3137 698 3202 animae
721 3137 784 3203 sibi
807 3160 938 3224 corpora
960 3147 994 3204 et
1017 3147 1115 3204 artus.

198 3264 256 3307 nec
278 3250 389 3307 tamen
411 3249 461 3306 est
483 3241 579 3327 utqui
600 3241 751 3326 perfectis
773 3240 979 3306 insinuentur

198 3344 400 3431 corporibus;
428 3366 534 3430 neque
556 3343 644 3408 enim
666 3352 822 3430 poterunt
843 3343 1010 3429 suptiliter
1031 3366 1100 3409 esse

116 3559 173 3611 ⁷¹⁸·
298 3572 346 3623 710
363 3578 414 3620 tum
430 3568 500 3620 Brix.
520 3567 578 3618 Ver.
596 3568 659 3619 Van.
678 3567 776 3632 rightly
792 3568 832 3617 for
849 3574 915 3617 tuuc.
957 3570 1047 3631 periit.
1061 3569 1159 3631 peritut
1175 3566 1246 3616 Nioc.
1264 3565 1315 3617 and

116 3629 177 3693 t⁹1·
191 3649 651 3703 mss.andeds.belore'Pont.Junt.
733 3651 781 3701 718
796 3651 829 3699 Ut
839 3648 897 3700 Ver.
912 3648 976 3700 Ven.
991 3650 1030 3697 for
1042 3651 1086 3698 Et.
1170 3650 1315 3710 723privoa

116 3740 119 3804 ζ
150 3720 187 3779 Β
208 3750 272 3785 corr.
296 3736 335 3785 for
353 3737 432 3798 privo
453 3735 483 3784 si.
631 3733 678 3784 732
701 3734 809 3795 olququc
831 3732 923 3783 Lamb.
946 3731 997 3781 and
1019 3745 1082 3780 mss.
1105 3732 1134 3781 of
1153 3729 1255 3780 Nonius
1278 3730 1317 3778 for

116 3807 227 3880 90cue.
353 3819 400 3869 733
417 3820 500 3882 cufim
518 3819 540 3866 A
556 3833 582 3881 p.
594 3831 630 3866 m.
649 3816 678 3879 (q
697 3817 774 3879 affine
791 3814 821 3864 Β.
856 3822 880 3863 et
889 3816 944 3878 fme
961 3815 983 3862 A
999 3828 1063 3863 corr.
1081 3812 1166 3864 uia:
1190 3811 1242 3862 eir.
1259 3811 1316 3860 first

116 3882 228 3947 *turen
242 3899 325 3960 adfine
342 3899 369 3947 to
386 3901 452 3948 text:
470 3896 515 3947 the
530 3899 592 3947 note
606 3896 634 3945 in
649 3895 716 3945 ed.3
732 3894 761 3944 οἰ
775 3894 866 3945 Lamb.
882 3893 905 3943 is
920 3892 1047 3955 amusing.
1081 3892 1156 3942 Wak.
1171 3894 1275 3941 returns
1289 3891 1317 3939 to

116 3965 211 4031 *fiat
310 3980 358 4032 734
374 3987 485 4042 curan.
522 3981 668 4041 carausius
684 3976 766 4029 naon.
868 3977 915 4029 736
934 3979 996 4026 oum
1011 3977 1123 4026 subeant.
1161 3975 1232 4035 otoo
1248 3975 1316 4022 mue.

116 4048 154 4095 '²⁸
176 4060 292 4113 alriend
308 4061 336 4112 ot
351 4061 465 4119 Faber'a,
482 4059 547 4111 both
562 4060 646 4110 Faber
662 4058 714 4108 and
730 4058 817 4110 Bentb
838 4057 988 4122 approving.
1042 4058 1091 4106 Oui
1107 4070 1127 4103 a.
1145 4053 1222 4104 Bern.
1267 4068 1318 4116 quo

116 4114 179 4194 [αἱ.
192 4142 250 4193 Ald.
263 4144 277 4193 1
289 4143 364 4194 Junt.
378 4143 419 4193 lor
428 4158 482 4208 que.
597 4142 644 4192 738
655 4143 730 4204 utch
741 4139 792 4190 Ed.
804 4139 844 4188 lor
854 4147 883 4188 ut
894 4140 1010 4202 quicum:
1029 4151 1071 4186 see
1081 4139 1155 4186 notes
1167 4137 1182 4183 2
1194 4139 1221 4185 to
1233 4149 1243 4183 r
1255 4134 1317 4186 755:

116 4215 169 4272 Μ
187 4241 239 4278 was
258 4225 361 4276 written
380 4239 441 4275 over
460 4225 505 4288 qui
524 4222 558 4286 by
578 4235 649 4272 some
670 4235 720 4270 one
739 4219 796 4270 who
819 4218 864 4270 did
883 4223 929 4269 not
948 4216 1109 4268 understand
1131 4219 1191 4280 qui:
1215 4216 1318 4278 quidum

116 4281 193 4360 Rel'n.
209 4308 263 4360 and
279 4307 329 4361 Ed.
349 4307 377 4356 in
393 4305 433 4358 ed.
453 4306 477 4356 1.
510 4303 590 4356 Lech.
608 4302 700 4367 adopts
716 4304 783 4352 from
799 4301 892 4351 Lamb.
908 4308 938 4351 ut
954 4302 1014 4359 iam,
1032 4298 1116 4349 which
1132 4298 1165 4348 he
1182 4298 1269 4348 allows
1289 4300 1320 4345 ‘a

202 4428 236 4476 nr.
1192 4402 1233 4464 10
