2804 4786
699 250 755 316 111

263 413 341 478 Huc
362 412 488 478 accedit
509 412 561 477 nti
582 411 760 490 videamus,
781 436 896 501 corpus
919 422 956 480 ut
979 414 1085 500 ipsum

216 515 381 607 suscipere
403 512 545 580 inmanis
565 514 694 580 morbos
715 516 898 602 durumque
921 515 1071 594 dolorem,

214 621 263 686 sic
285 621 430 685 animum
453 641 546 684 curas
567 619 649 684 acris
670 619 859 705 luctumque
883 628 1092 706 metumque3

215 746 318 810 quare
339 722 531 809 participem
553 722 611 787 leti
634 744 762 809 quoque
783 722 935 787 convenit
957 745 1034 789 esse.

217 829 300 914 quin
322 827 422 892 etiam
444 827 565 892 morbis
586 826 621 892 in
643 827 783 913 corporis
804 826 898 892 avius
920 835 1006 892 errat

216 954 315 1018 saepe
336 931 485 1023 animus;
506 930 668 995 dementit
690 931 778 995 enirn
800 930 966 1016 deliraque
990 932 1078 997 fatur

215 1033 446 1120 interdumque
467 1033 560 1121 gravi
581 1032 728 1120 lethargo
751 1035 853 1098 fertur
875 1035 909 1098 in
931 1034 1036 1098 altum

216 1145 452 1222 aeternumque
475 1158 621 1222 soporem
644 1136 744 1201 oculis
766 1144 915 1221 nutuque
938 1136 1076 1214 cadenti,

219 1241 305 1307 unde
328 1262 434 1326 neque
456 1239 591 1306 exaudit
613 1262 706 1306 voces
728 1262 787 1305 nec
809 1262 939 1305 noscere
960 1241 1069 1306 voltus

215 1344 345 1408 illorum
367 1343 454 1430 potis
476 1353 536 1420 est,
557 1342 598 1408 ad
620 1343 723 1408 vitam
745 1341 802 1428 qui
824 1351 1013 1407 revocantes

217 1446 428 1513 circumstant
451 1445 590 1512 lacrimis
612 1454 757 1511 rorantes
779 1469 835 1511 ora
855 1469 1028 1534 genasque.

217 1573 316 1636 quare
338 1551 486 1615 animum
508 1572 636 1636 quoque
658 1550 791 1614 dissolui
814 1551 936 1615 fateare
958 1560 1131 1630 necessest,

218 1652 480 1739 quandoquidem
502 1661 677 1739 penetrant
698 1653 733 1717 in
756 1675 831 1718 eum
854 1654 1004 1739 contagia
1025 1655 1149 1734 morbi3

217 1781 293 1822 nam
316 1758 406 1823 dolor
427 1781 465 1824 ao
487 1758 617 1823 morbus
640 1757 699 1823 leti
721 1757 894 1824 fabricator
915 1767 1095 1845 uterquest,

217 1861 396 1926 multorum
418 1860 519 1926 exitio
540 1859 685 1947 perdocti
707 1860 793 1946 quod
815 1883 927 1926 sumus
948 1871 1032 1927 ante.

218 1964 358 2051 denique
381 1986 471 2050 quor,
492 1963 656 2028 hominem
679 1985 754 2027 oum
776 1964 845 2028 vini
869 1965 919 2028 vis
941 1965 1125 2051 penetravit

217 2066 298 2132 acris
321 2076 355 2133 et
376 2068 413 2132 in
434 2089 534 2132 venas
556 2067 704 2133 discessit
726 2068 850 2132 diditus
872 2070 976 2147 ardor,

219 2172 426 2256 consequitur
446 2171 589 2258 gravitas
612 2171 838 2249 membrorum,
860 2171 1116 2258 praepediuntur

217 2296 310 2340 crura
331 2273 506 2352 vacillanti,
528 2275 682 2339 tardescit
704 2275 824 2362 lingua,
846 2277 957 2341 madet
979 2297 1079 2353 mens,

216 2386 297 2442 nant
319 2378 413 2455 oculi,
435 2377 554 2442 clamor
575 2378 739 2464 singultus
761 2379 867 2465 iurgia
888 2378 1040 2464 gliscunt,

217 2489 250 2544 et
272 2480 337 2545 iam
359 2490 468 2546 cetera
489 2481 530 2545 de
552 2502 670 2567 genere
692 2481 753 2546 hoc
774 2504 997 2567 quaecumque
1020 2489 1182 2557 secuntur,

216 2605 273 2648 our
293 2607 332 2649 ea
353 2593 438 2660 sunt,
461 2584 525 2648 nisi
547 2584 633 2669 quod
656 2606 788 2649 vemens
810 2585 964 2650 violentia
986 2584 1054 2649 vini

216 2688 406 2754 conturbare
428 2689 571 2753 animam
593 2690 760 2754 consuevit
782 2713 911 2776 corpore
932 2691 968 2754 in
990 2690 1083 2773 ipso?

217 2800 252 2855 at
274 2813 496 2877 quaecumque
520 2800 646 2876 queunt
668 2793 853 2857 conturbari
874 2792 973 2876 inque
995 2791 1108 2878 pediri,

217 2894 411 2982 significant,
433 2895 530 2982 paulo
553 2894 581 2959 si
603 2895 713 2960 durior
735 2895 908 2960 insinuarit

217 3020 319 3076 causa,
343 3000 409 3064 fore
431 3009 470 3065 ut
492 3008 628 3086 pereant
651 3022 730 3064 aevo
752 3000 880 3086 privata
903 3000 1020 3063 futuro.

218 3104 295 3189 quin
318 3103 417 3169 etiam
441 3105 550 3169 subito
572 3105 605 3168 vi
629 3104 732 3168 morbi
754 3125 851 3189 saepe
873 3111 1002 3167 coactus

217 3217 291 3273 ante
313 3208 422 3273 oculos
443 3208 561 3293 aliquis
583 3216 716 3284 nostros,
740 3215 777 3271 ut
800 3205 945 3270 fulminis
968 3205 1045 3283 icta,

218 3311 356 3376 concidit
378 3319 412 3376 et
434 3334 565 3396 spumas
587 3311 665 3397 agit,
687 3311 826 3398 ingemit
851 3320 885 3375 et
907 3311 1020 3375 tremit
1042 3317 1141 3386 artus,

218 3413 343 3498 desipit,
365 3421 515 3479 extentat
536 3436 659 3490 nervos,
682 3421 859 3498 torquetur,
881 3413 1013 3477 anhelat

218 3516 445 3595 inconstanter,
467 3525 501 3582 et
523 3517 558 3581 in
580 3517 730 3581 iactando
754 3517 898 3582 membra
921 3518 1046 3604 fatigat.

217 3620 368 3684 nimirum
390 3620 467 3706 quia
488 3619 537 3684 vis
559 3620 662 3685 morbi
684 3619 839 3685 distracta
861 3642 919 3706 per
940 3628 1031 3684 artus

149 3901 198 3950 ⁰⁰¹²·
208 3904 276 3958 lunt.
290 3905 383 3956 hamb.
394 3908 440 3954 not
452 3904 516 3956 Mar.
607 3906 654 3957 472
666 3907 736 3955 dolor
746 3903 815 3955 Nico.
831 3904 871 3953 for
879 3906 959 3966 potor.
1047 3900 1096 3953 474
1107 3902 1154 3952 475
1167 3903 1203 3950 Et
1215 3902 1333 3962 quoniam

145 3981 328 4054 catenatam·
339 4001 425 4049 corpus
437 3994 466 4036 ut
480 4001 582 4048 asprum
593 3988 629 4035 Et
643 3988 743 4048 pariter
756 3993 860 4034 mentem
874 3987 962 4034 canori
977 3998 1064 4045 corpus
1079 3985 1169 4032 inani:
1187 3996 1222 4031 an
1237 3980 1332 4031 absurd

143 4055 322 4128 menoauon:
345 4067 489 4128 474=51o;
512 4069 553 4118 for
568 4069 616 4120 475
634 4068 699 4118 uer.
716 4067 772 4119 ua
794 4069 807 4116 1
825 4068 899 4117 runt.
917 4065 1056 4115 substitute
1073 4065 1129 4114 511.
1164 4063 1256 4113 namo.
1274 4063 1332 4112 first

141 4137 239 4199 exfailed
248 4148 322 4200 both.
443 4148 492 4201 476
503 4165 572 4213 quor.
606 4155 648 4199 cor
658 4150 710 4207 AB,
724 4149 807 4199 which
818 4149 841 4198 is
853 4149 897 4199 the
909 4163 980 4198 same
992 4147 1079 4208 thing:
1098 4161 1127 4197 so
1139 4162 1160 4196 11
1173 4148 1228 4208 194,
1242 4161 1269 4196 rv
1281 4147 1328 4198 575

138 4217 282 4292 ‘mquam
293 4244 323 4279 or
333 4242 403 4279 cum:
420 4243 447 4278 rv
458 4229 506 4279 116
517 4245 601 4280 eorum
611 4230 663 4291 AB,
677 4246 760 4281 corum
771 4229 851 4280 Lach.
863 4230 906 4280 ie.
919 4244 1028 4292 qaorum
1065 4230 1107 4278 etr
1118 4231 1244 4278 hominm
1259 4227 1331 4279 Nico.

137 4279 201 4358 HQ
218 4311 248 4360 31
268 4310 358 4362 (lamb.
377 4312 393 4361 5
412 4310 471 4361 Vat.
492 4311 535 4361 old
554 4311 607 4361 eds.
627 4311 713 4361 before
732 4312 798 4361 Mar.
819 4311 871 4360 and
893 4311 979 4360 June:
1002 4307 1087 4358 which
1108 4308 1184 4359 Wak.
1207 4308 1330 4373 absurdly

197 4405 215 4442 s.
310 4395 358 4444 482
372 4396 423 4444 Gur
434 4410 464 4445 eo
474 4402 533 4445 auct
544 4393 613 4444 Nioo.
628 4394 668 4444 for
678 4397 756 4445 curba
767 4402 833 4444 aunt.
922 4393 970 4445 492
981 4394 1044 4455 quio
1056 4390 1125 4442 Nico.
1138 4391 1208 4441 Flor.
1221 4392 1252 4439 31
1264 4391 1328 4442 Mar.
