2834 4792
746 190 762 253 Ι

235 353 389 419 terrificet
412 354 524 418 morbo
546 353 691 430 adfectis,
714 375 890 439 somnoque
913 353 1057 439 sepultis,

236 480 365 522 cernere
388 458 439 522 uti
462 456 630 522 videamur
652 479 706 522 eos
728 456 905 541 audireque
928 479 1044 534 coram,

236 570 339 627 morte
362 561 452 627 obita
473 584 610 647 quorum
634 562 735 626 tellus
757 561 966 647 amplectitur
988 583 1065 626 ossa.

235 688 294 730 nec
317 688 369 730 me
391 666 493 731 animi
515 666 599 731 fallit
622 666 793 732 Graiorum
816 666 950 731 obscura
970 674 1101 751 reperta

236 768 366 834 difficile
389 770 562 835 inlustrare
586 770 713 835 Latinis
735 769 880 835 versibus
902 791 980 846 esse,

236 874 341 938 multa
364 874 454 939 novis
476 875 582 939 verbis
604 876 795 960 praesertim
817 896 891 938 cum
909 874 959 938 ‘sit
980 873 1143 960 agendum

237 986 369 1062 propter
391 987 571 1064 egestatem
594 979 724 1064 linguae
748 985 782 1042 et
804 1000 911 1042 rerum
934 976 1132 1056 novitatem3

237 1077 294 1143 sed
317 1087 374 1144 tua
397 1103 449 1145 me
472 1081 576 1145 virtus
598 1089 709 1145 tamen
732 1088 766 1145 et
789 1089 917 1165 sperata
938 1079 1089 1165 voluptas

237 1184 352 1250 suavis.
368 1185 531 1250 amicitiae
555 1184 701 1270 quemvis
723 1185 857 1249 sufferre
880 1184 1022 1248 laborem

237 1287 352 1353 suadet
375 1296 408 1353 et
431 1287 557 1352 inducit
580 1296 690 1352 noctes
712 1287 847 1374 vigilare
868 1308 996 1352 serenas

237 1400 447 1477 quaerentem
470 1389 567 1455 dictis
590 1391 708 1476 quibus
730 1399 764 1456 et
787 1413 851 1476 quo
873 1389 1014 1461 carmine
1038 1388 1169 1454 demum

238 1495 324 1559 clara
347 1503 423 1558 tuae
446 1494 564 1579 possim
588 1494 806 1579 praepandere
829 1493 953 1558 lumina
976 1492 1089 1570 menti,

239 1620 289 1662 res
313 1598 430 1682 quibus
453 1598 594 1662 occultas
616 1597 747 1682 penitus
770 1597 934 1662 convisere
956 1598 1064 1682 possis.

284 1700 381 1763 Hunc
404 1699 506 1785 igitur
528 1708 682 1764 terrorem
705 1699 807 1763 animi
828 1700 1042 1785 tenebrasque
1065 1707 1226 1764 necessest

240 1824 304 1866 non
327 1801 409 1865 radii
431 1802 506 1866 solis
529 1824 634 1888 neque
657 1800 764 1866 lueida
787 1803 854 1866 tela
875 1801 940 1867 diei

239 1905 424 1982 discutiant,
447 1904 503 1970 sed
525 1913 661 1969 naturae
684 1905 806 1990 species
828 1904 982 1990 ratioque.

240 2008 435 2094 principium
459 2008 550 2072 cuius
573 2008 648 2072 hinc
671 2008 763 2072 nobis
786 2007 916 2073 exordia
938 2018 1056 2085 sumet,

241 2111 363 2175 nullam
386 2133 454 2175 rem
478 2133 495 2175 e
519 2111 584 2175 nilo
606 2111 698 2198 gigni
720 2111 877 2175 divinitus
900 2133 1062 2197 umquam.

241 2214 362 2300 quippe
385 2214 433 2278 ita
455 2214 590 2278 formido
612 2214 756 2278 mortalis
778 2214 923 2279 continet
945 2214 1058 2290 omnis,

241 2316 327 2402 quod
350 2316 455 2380 multa
476 2316 510 2380 in
534 2316 628 2380 terris
651 2316 720 2381 fieri
743 2317 894 2403 caeloque
917 2323 1053 2381 tuentur

242 2443 378 2506 quorum
401 2442 534 2505 operum
557 2442 668 2485 causas
691 2420 781 2484 nulla
803 2420 927 2485 ratione
951 2419 1057 2485 videre

240 2532 375 2610 possunt
397 2547 434 2588 ac
456 2524 525 2588 fieri
547 2524 657 2588 divino
679 2524 813 2589 numine
836 2532 955 2589 rentur.

161 2629 220 2710 156
242 2649 321 2713 quas
344 2627 385 2691 ob
407 2649 457 2691 res
479 2627 537 2691 ubi
560 2626 736 2692 viderimus
758 2627 804 2703 nil
827 2649 919 2712 posse
942 2627 1043 2692 creari

243 2731 283 2795 de
305 2731 379 2808 nile,
403 2739 473 2794 tum
497 2730 584 2815 quod
606 2730 773 2815 sequimur
794 2731 860 2794 iam
882 2731 1002 2796 rectius
1025 2730 1100 2795 inde

242 2832 483 2918 perspiciemus
505 2841 539 2897 et
562 2833 648 2905 uude
669 2822 769 2918 'queat
792 2856 842 2897 res
864 2855 1012 2919 quaeque
1034 2832 1134 2901 creari

161 2952 195 3018 15
201 2951 216 3018 5
243 2944 363 3021 etque
386 2958 533 3021 quaeque
557 2935 650 3000 modo
673 2937 754 3001 fiant
777 2960 873 3023 opera
896 2938 965 3003 sine
988 2937 1104 3002 divom.

161 3057 221 3124 159
287 3040 374 3104 Nam
397 3041 424 3104 si
447 3038 487 3105 de
510 3040 576 3104 nilo
598 3040 721 3118 fierent,
745 3064 784 3105 ex
807 3040 949 3105 omnibu'
972 3041 1068 3105 rebus

243 3166 336 3208 omne
359 3166 462 3230 genus
484 3144 572 3208 nasci
595 3154 712 3229 posset,
734 3145 780 3208 nil
804 3145 926 3209 semine
948 3152 1067 3231 egeret.

243 3272 260 3313 e
283 3271 371 3313 mare
393 3249 534 3334 primum
558 3248 711 3324 homines,
735 3271 752 3314 e
776 3258 862 3313 terra
883 3256 991 3334 posset
1014 3248 1089 3313 oriri

242 3353 482 3438 squamigerum
503 3373 607 3439 genus
629 3362 663 3416 et
686 3352 828 3416 volucres
851 3373 1019 3437 erumpere
1042 3351 1148 3429 caelo;

243 3464 390 3519 armenta
412 3464 511 3539 atque
534 3453 616 3518 aliae
639 3455 786 3540 pecudes,
809 3476 912 3540 genus
935 3474 1029 3521 omne
1052 3454 1201 3529 ferarum,

243 3559 364 3623 incerto
387 3567 482 3643 partu
505 3558 594 3622 culta
615 3579 653 3620 ac
675 3558 802 3622 deserta
824 3566 995 3696 tenerent.)

159 3797 291 3859 Coepisset.
368 3796 415 3844 130
433 3802 484 3844 tum
494 3794 563 3844 Flor.
575 3796 606 3843 25
618 3795 670 3844 and
682 3796 712 3843 31
726 3795 815 3844 camb.
827 3810 853 3859 p.
865 3809 900 3845 m.
914 3795 978 3846 Mar.
991 3796 1031 3845 lor
1043 3804 1110 3845 tuae.
1186 3795 1365 3858 141quemvu

157 3879 259 3940 aufferre
271 3876 338 3926 Flor.
355 3877 386 3924 32
402 3876 430 3925 in
445 3875 556 3938 margin,
571 3875 696 3926 Heinsius
711 3876 740 3925 in
755 3891 804 3926 ms.
820 3881 902 3938 notes,
917 3877 970 3927 and
983 3877 1066 3927 Faber
1083 3878 1123 3927 ior
1137 3879 1248 3940 quemvis
1265 3879 1363 3941 efferre.

157 3959 203 4021 [So
220 3958 331 4022 perhaps
346 3958 398 4010 Cic.
416 3958 490 4020 epist.
503 3973 553 4007 v111
569 3959 583 4006 l
600 3961 615 4007 2
630 3973 667 4007 we
683 3958 776 4008 should
793 3958 855 4008 read
869 3973 990 4009 sermones
1005 3960 1159 4022 suppressit:
1176 3959 1301 4022 expressit
1316 3958 1364 4024 hi]

157 4039 234 4089 Dion.
244 4041 301 4090 Cat.
309 4039 412 4090 distich.
420 4054 453 4089 111
465 4040 480 4089 6
490 4039 539 4090 hae
551 4043 661 4103 quemvis
669 4042 774 4105 sufferre
787 4041 899 4102 laborem,
909 4040 1020 4104 perhaps
1028 4040 1107 4091 taken
1115 4041 1183 4091 hom
1191 4038 1253 4092 thie.
1313 4043 1361 4093 155

157 4124 238 4173 -158
249 4124 314 4173 Mar.
327 4122 400 4173 Junt.
412 4122 465 4172 and
476 4122 578 4185 margin
589 4123 618 4171 oi
628 4112 717 4174 (lamii.
727 4122 792 4173 have
804 4123 877 4173 these
888 4138 925 4173 ve.
934 4123 963 4172 in
972 4122 1041 4185 right
1052 4123 1134 4182 order,
1143 4121 1197 4173 and
1208 4131 1232 4173 et
1244 4124 1285 4174 for
1294 4124 1363 4175 utin

158 4205 213 4257 157.
231 4203 458 4265 dranciusetand
465 4207 493 4254 at
500 4204 550 4254 end
557 4204 631 4253 ofhie
638 4203 735 4254 edition
744 4205 772 4254 of
777 4204 871 4255 Catull.
883 4205 946 4254 1502
953 4204 1001 4254 has
1009 4202 1165 4267 rightorder.
1183 4204 1362 4257 etPont.aleo.

207 4284 336 4334 161-164
358 4298 402 4333 are
423 4283 521 4346 rightly
542 4283 605 4333 thus
627 4284 786 4348 punctuated
808 4285 842 4347 by
863 4285 944 4334 Lech.
978 4284 991 4333 1
1013 4286 1068 4336 find
1089 4285 1206 4336 however
1228 4286 1297 4337 hom
1319 4286 1363 4354 his

157 4365 233 4429 proci
251 4363 336 4416 sheete
355 4365 415 4415 that
434 4364 502 4415 until
524 4365 569 4415 the
591 4366 654 4415 final
673 4365 786 4415 revision
806 4365 839 4416 he
858 4365 910 4416 had
929 4366 992 4416 with
1011 4366 1086 4417 Wak.
1106 4369 1154 4430 put
1176 4381 1192 4417 a
1215 4370 1275 4432 stop
1295 4369 1364 4419 atter
