2834 4792
171 373 230 458 qui
251 373 376 439 varient
397 384 505 440 motus
527 397 585 461 per
606 399 686 461 quos
707 386 824 442 natura
845 386 938 464 gerat
960 400 1017 443 res.

172 497 271 561 quare
293 476 393 541 etism
415 487 513 563 atque
534 477 634 543 etiam
656 478 790 564 paulum
813 479 966 544 inclinare
988 489 1148 545 necessest

172 601 322 664 corpora;
350 601 410 645 nec
431 580 624 666 plusquam
646 582 828 659 minimum,
850 605 890 647 ne
912 583 1033 667 fingere
1055 593 1162 648 motus

172 682 317 768 obliquos
339 683 507 750 videamur
528 693 562 750 et
583 685 618 751 id
640 708 690 751 res
712 708 789 750 vera
809 687 939 752 refutet.

172 807 311 871 namque
334 786 394 852 hoc
416 787 449 852 in
473 796 624 874 promptu
646 789 919 875 manifestumque
942 812 1011 854 esse
1035 789 1188 865 videmus,

172 888 320 973 pondera,
342 899 503 976 quantum
525 891 559 955 in
581 900 656 968 sest,
679 915 742 957 non
765 915 856 978 posse
879 893 1009 978 obliqua
1030 915 1147 969 meare,

173 1014 213 1056 ex
234 1014 349 1079 supero
371 1016 445 1059 cum
468 994 692 1080 praecipitant,
713 996 800 1081 quod
821 1018 950 1062 cernere
972 997 1093 1082 possis3

172 1095 228 1160 sed
250 1095 296 1160 nil
318 1097 449 1162 omnino
470 1107 556 1165 rectu
576 1099 705 1183 regione
730 1099 793 1163 viai

171 1196 331 1264 declinare
352 1199 426 1284 quis
447 1210 496 1265 est
518 1200 576 1286 qui
598 1200 699 1287 possit
721 1223 851 1266 cernere
873 1207 966 1266 sese?

214 1300 364 1387 Denique
386 1301 414 1366 si
436 1324 562 1389 semper
582 1312 691 1368 motus
713 1305 893 1369 conectitur
914 1305 1018 1370 omnis

171 1411 206 1467 et
230 1413 338 1469 vetere
360 1405 504 1471 exoritur
525 1427 647 1492 semper
669 1429 769 1472 novus
792 1407 902 1473 ordine
925 1417 1012 1472 certo

170 1529 230 1572 nec
251 1507 440 1574 declinando
462 1510 585 1576 faciunt
607 1511 781 1597 primordia
802 1522 911 1577 motus

171 1611 365 1698 principium
388 1614 549 1700 quoddam
572 1616 658 1702 quod
681 1616 741 1680 fati
764 1616 891 1681 foedera
913 1625 1053 1701 rumpat,

171 1739 211 1781 ex
232 1717 360 1784 infinito
382 1742 422 1786 ne
444 1743 574 1786 causam
596 1742 692 1786 causa
713 1732 876 1807 sequatur,

169 1820 272 1887 libera
292 1846 350 1910 per
371 1832 472 1890 terras
494 1825 580 1890 unde
602 1826 681 1890 haec
702 1824 922 1890 animantibus
944 1834 1051 1889 exstat

172 1925 258 1990 unde
280 1935 330 1993 est
352 1927 439 2005 haec,
461 1929 604 2014 inquam,
626 1929 702 1994 fatis
723 1929 833 1994 avolsa
851 1937 989 2015 potestus

172 2050 348 2115 perquam
370 2032 592 2117 progredimur
613 2054 678 2117 quo
700 2032 791 2096 ducit
813 2054 975 2116 quemque
999 2030 1155 2104 voluntas,

172 2131 370 2198 declinamus
391 2135 473 2201 item
494 2143 603 2201 motus
623 2158 683 2201 nec
706 2146 850 2222 tempore
872 2145 959 2200 certo

172 2257 232 2301 nec
253 2237 383 2323 regione
405 2238 466 2304 loci
487 2247 585 2316 certa,
606 2239 663 2305 sed
685 2240 742 2304 ubi
764 2240 835 2325 ipsa
856 2239 934 2304 tulit
957 2242 1073 2302 mens?

172 2362 248 2405 nam
269 2341 369 2407 dubio
391 2345 501 2429 procul
523 2344 574 2408 his
596 2345 692 2410 rebus
713 2367 772 2409 sua
794 2344 910 2430 cuique
933 2344 1081 2408 voluntas

171 2444 366 2531 principium
388 2447 446 2513 dat
467 2456 511 2513 et.
525 2447 600 2513 hinc
622 2458 730 2513 motus
752 2471 810 2533 per
832 2448 977 2512 membra
999 2447 1154 2533 rigantur.

172 2569 277 2612 nonne
300 2548 389 2615 vides
411 2550 510 2615 etiam
531 2550 704 2636 patefactis
726 2560 870 2635 tempore
892 2558 1013 2635 puncto

172 2651 351 2717 carceribus
372 2673 437 2717 non
459 2674 551 2739 posse
574 2662 684 2718 tamen
707 2676 912 2739 prorumpere
936 2674 1087 2737 equorum

172 2752 238 2817 vim
260 2754 410 2840 cupidam
432 2764 502 2821 tam
524 2755 564 2821 de
586 2756 695 2821 subito
717 2779 815 2842 quam
838 2778 929 2820 mens
951 2765 1025 2820 avet
1048 2754 1135 2839 ipsa?
1224 2754 1284 2834 265

172 2856 276 2921 omnis
297 2857 385 2922 enim
407 2866 512 2923 totum
535 2881 728 2945 percorpus
751 2859 898 2924 materiai

173 2959 265 3045 copia
285 2960 432 3046 conquiri
452 2961 559 3039 debet,
581 2962 707 3027 concita
728 2985 786 3047 per
807 2973 898 3026 artus

172 3062 276 3126 omnis
298 3070 336 3126 ut
357 3062 503 3127 studium
526 3063 645 3128 mentis
667 3065 781 3128 conixa
802 3073 974 3150 sequatur;

84 3305 153 3349 nant.
254 3298 302 3347 241
319 3313 345 3348 ae
360 3298 385 3348 is
400 3285 483 3349 iodnd
498 3299 527 3349 in
543 3299 580 3349 all
596 3314 657 3350 mss.
758 3301 805 3350 247
822 3316 847 3349 ae
867 3299 954 3348 before
970 3307 1006 3349 eat
1022 3297 1104 3348 added
1120 3298 1154 3359 by
1170 3296 1238 3345 Flor.
1256 3298 1287 3346 31

85 3377 177 3429 camb.
188 3381 237 3429 etc.
353 3380 401 3431 249
411 3387 483 3431 recto
493 3379 577 3430 added
588 3379 622 3445 hy
632 3380 703 3430 Nico.
715 3379 801 3430 whom
812 3381 847 3430 all
859 3380 944 3430 before
955 3379 1034 3430 Lech.
1046 3378 1143 3441 rightly
1154 3376 1270 3426 followed
1281 3396 1287 3426 ε

85 3459 109 3509 it
119 3473 172 3510 was
182 3458 308 3510 absorbed
317 3461 351 3522 by
362 3460 407 3511 the
419 3461 520 3511 similar
530 3461 619 3511 letters
630 3460 657 3510 in
670 3465 776 3523 rectene.
812 3464 885 3511 trullo
896 3463 995 3523 rectene
1007 3459 1087 3511 Lech.
1180 3461 1228 3510 250
1238 3461 1288 3509 De·

85 3541 181 3591 clinare
193 3544 250 3605 quia
261 3549 299 3592 eat
309 3545 354 3606 qui
361 3545 443 3608 possit
458 3559 557 3594 cenare
572 3559 640 3594 aeae:
657 3542 711 3592 this
722 3541 828 3605 reading
844 3543 872 3591 of
887 3543 922 3591 all
937 3557 999 3592 mss.
1012 3542 1063 3592 and
1079 3541 1191 3591 editions
1207 3541 1288 3591 Inow

85 3619 162 3683 keep:
178 3621 225 3672 the
240 3625 335 3675 constr.
354 3622 377 3673 is
393 3627 440 3674 not
454 3622 562 3674 harsher
574 3624 639 3673 than
655 3623 742 3674 others
757 3623 786 3672 in
802 3624 892 3673 Luca:
911 3638 953 3674 see
968 3627 1043 3674 notes
1059 3626 1082 3676 2.
1119 3625 1147 3672 de
1160 3639 1184 3672 ae
1196 3621 1244 3673 Ed
1260 3621 1287 3670 in

85 3702 212 3755 manso.
227 3703 334 3754 foram.
369 3719 454 3755 semus
464 3705 542 3756 Bern.
574 3704 777 3769 proesuthaoh.
791 3706 928 3768 forpoaait.
1027 3706 1073 3754 251
1086 3711 1164 3754 neotus
1175 3704 1244 3753 Flor.
1258 3704 1288 3752 31

86 3785 177 3836 camb.
189 3785 230 3835 ior
240 3793 315 3836 nuta.
440 3787 487 3837 252
499 3801 592 3850 smper
603 3785 685 3837 added
696 3787 762 3837 after
772 3789 884 3837 exoritur
895 3787 928 3849 by
939 3786 1009 3839 Nice.
1023 3786 1092 3836 Flor.
1106 3786 1136 3834 31
1150 3784 1239 3835 camb.
1253 3783 1290 3833 all

85 3865 182 3919 editors
197 3866 285 3917 before
298 3867 378 3919 Isoh.
414 3876 501 3919 erecto
516 3866 600 3918 added
614 3868 648 3931 by
658 3869 737 3918 Lech.
756 3868 841 3919 before
858 3871 988 3919 exoratur:
1006 3868 1139 3929 obviously
1150 3871 1196 3917 not
1211 3866 1288 3929 right,

86 3962 117 3999 as
131 3949 176 4001 the
191 3963 248 4001 new
262 3948 363 4000 motion
378 3948 439 4001 does
454 3952 501 4000 not
515 3951 573 4000 first
588 3949 664 4013 begin
679 3950 754 4001 when
768 3950 813 4000 the
828 3950 903 4001 other
917 3965 1017 4001 cesses:
1035 3950 1080 3999 the
1096 3964 1187 3999 reason
1201 3949 1230 3999 01
1244 3948 1289 3998 the

85 4027 212 4079 omission
228 4041 282 4078 was
298 4026 343 4079 the
357 4043 453 4093 semper
468 4029 498 4077 of
512 4029 568 4080 251.
603 4042 681 4077 novus
697 4036 773 4091 atque
790 4043 820 4078 ex
837 4030 924 4078 ordine
942 4029 1016 4079 Pont.
1116 4028 1163 4077 257
1176 4034 1288 4090 potestas

85 4105 166 4157 Iaoh.
185 4105 227 4156 ior
242 4107 374 4170 volomus:
396 4107 527 4158 scertain
543 4108 700 4160 correction:
720 4123 805 4171 oomp.
822 4109 885 4159 286:
906 4107 997 4158 hamb.
1015 4107 1044 4155 in
1061 4106 1122 4156 vain
1139 4109 1289 4168 transposes

84 4189 204 4253 voluptas
219 4187 405 4239 monozantes
421 4189 528 4241 orate:
550 4191 619 4243 Flor.
639 4192 670 4241 31
687 4191 777 4242 camb.
795 4190 860 4240 have
876 4192 991 4252 voluptas
1008 4189 1036 4238 in
1053 4187 1116 4237 both
1133 4187 1226 4251 places,
1244 4187 1289 4236 but

85 4270 107 4321 it
123 4283 173 4321 can
190 4268 222 4320 be
238 4268 308 4333 right
323 4269 352 4320 in
368 4269 477 4322 neither.
551 4272 599 4323 264
615 4288 732 4336 equorum
748 4272 818 4323 Bria.
837 4272 877 4321 for
893 4286 1005 4335 quorum,
1023 4273 1070 4320 not
1086 4269 1156 4319 Nice.
1172 4268 1241 4319 Flor.
1258 4270 1287 4318 31

85 4348 175 4402 camb.
195 4363 225 4399 or
241 4348 301 4400 Ver.
317 4348 382 4402 Van.
506 4352 554 4403 267
570 4355 686 4416 000ᾳυίνί
703 4352 725 4401 Α
742 4366 806 4404 corr.
827 4351 898 4401 Gott.
916 4349 988 4399 Nico.
1006 4348 1073 4411 vulg.
1094 4348 1134 4398 for
1151 4349 1245 4398 conciri
1263 4348 1291 4397 of
