2834 4792
214 381 360 447 horribili
381 381 490 446 sonitu
512 380 609 445 silvas
631 381 783 447 exederet
804 382 880 448 altis

214 483 256 548 ab
277 482 439 548 radicibus
461 491 496 548 et
518 491 639 547 terram
660 492 850 568 percoxerat
871 466 949 571 igni,

215 588 368 653 manabat
389 587 480 652 venis
502 587 701 653 ferventibus
721 586 757 652 in
778 588 847 653 loca
867 596 972 653 terrae

213 712 351 756 concava
372 691 565 756 conveniens
586 691 713 778 argenti
736 691 825 756 rivus
847 700 881 757 et
903 692 984 768 auri,

212 794 295 858 aeris
316 794 397 859 item
420 802 454 859 et
478 794 609 880 plumbi
640 815 724 879 quae
746 816 821 859 cum
843 803 992 860 concreta
1013 794 1170 860 videbant

213 899 373 983 posterius
394 899 479 963 claro
501 898 536 962 in
559 907 646 963 terra
668 897 835 984 splendere
858 899 969 976 colore,

213 1001 371 1066 tollebant
393 999 498 1066 nitido
520 1000 609 1086 capti
630 1001 760 1087 levique
782 1003 889 1088 lepore

212 1114 246 1170 et
267 1104 366 1168 simili
388 1106 524 1170 formata
547 1104 701 1170 videbant
724 1127 793 1170 esse
816 1105 921 1193 figura

211 1215 310 1293 atque
334 1208 520 1272 lacunarum
544 1208 673 1272 fuerant
695 1207 833 1295 vestigia
854 1207 978 1294 cuique.

212 1320 283 1374 tum
306 1309 498 1395 penetrabat
520 1332 574 1374 eos
595 1331 687 1395 posse
710 1311 790 1376 haec
812 1310 987 1396 liquefacta
1007 1312 1112 1376 calore
1156 1380 1160 1386 ,

210 1415 390 1499 quamlibet
412 1414 446 1478 in
469 1414 604 1478 formam
628 1422 662 1478 et
684 1415 798 1479 faciem
821 1414 987 1480 decurrere
1008 1438 1117 1480 rerum

210 1524 244 1580 et
266 1538 412 1601 prorsum
434 1516 581 1602 quamvis
594 1515 638 1586 ¹in
659 1524 757 1580 acuta
777 1539 814 1581 ae
837 1517 949 1581 tenvia
969 1539 1062 1603 posse

210 1641 399 1684 mucronum
421 1619 496 1684 duci
519 1619 649 1706 fastigia
670 1619 882 1706 procudenda

208 1730 247 1786 ut
269 1723 331 1786 sibi
355 1723 420 1787 tela
442 1722 567 1798 darent,
589 1724 748 1808 silvasque
771 1732 810 1788 ut
832 1723 964 1788 caedere
986 1734 1119 1808 possent

172 1878 176 1891 .
207 1829 441 1913 materiemque
463 1827 571 1892 dolare
594 1837 629 1893 et
650 1828 735 1893 levia
756 1829 869 1894 radere
891 1828 984 1916 tigna

207 1939 241 1996 et
263 1931 424 1996 terebrare
448 1932 547 1997 etiam
570 1955 606 1996 ac
629 1933 823 2018 pertundere
845 1954 966 2018 perque
989 1934 1099 1997 forare.

205 2055 265 2098 nec
287 2035 395 2097 minus
417 2044 551 2120 argento
574 2035 677 2099 facere
699 2035 779 2100 haee
801 2057 943 2120 auroque
965 2035 1125 2120 parabant

205 2161 303 2225 qnam
326 2138 425 2203 validi
446 2137 588 2223 primum
611 2137 762 2203 violentis
784 2138 906 2203 viribus
928 2138 1019 2213 aeris,

205 2243 411 2328 nequiquam,
433 2241 585 2328 quoniam
608 2241 743 2307 cedebat
765 2241 852 2307 victa
873 2248 1018 2328 potestas

203 2368 261 2410 nec
284 2355 412 2432 poterat
433 2345 554 2431 pariter
575 2345 693 2410 durum
717 2345 849 2410 sufferre
873 2345 1021 2410 laborem.

203 2458 274 2513 tum
297 2448 359 2512 fuit
383 2448 416 2511 in
440 2448 544 2533 pretio
566 2447 670 2534 magis
692 2470 745 2514 aes
767 2471 946 2534 aurumque
969 2447 1094 2513 iacebat

201 2561 333 2638 propter
355 2550 569 2615 inutilitatem
593 2551 703 2616 hebeti
726 2573 877 2616 mucrone
900 2559 1055 2616 retusum.

201 2679 287 2720 nunc
310 2656 393 2720 iacet
416 2678 478 2730 aes,
493 2677 608 2718 aurum
630 2655 665 2718 in
688 2677 851 2719 summum
872 2655 1026 2719 successit
1046 2653 1212 2719 honorem.
1240 2672 1317 2736 1275

201 2761 246 2825 sic
268 2760 425 2824 volvenda
446 2767 537 2823 aetas
560 2767 738 2822 commutat
761 2765 908 2842 tempora
930 2779 1045 2822 rerum.

201 2864 286 2950 quod
309 2863 373 2927 fuit
396 2864 428 2926 in
452 2863 565 2948 pretio,
589 2863 626 2926 fit
649 2862 737 2926 nullo
759 2862 899 2946 denique
922 2861 1059 2937 honore3

199 2989 291 3053 porro
314 2966 397 3030 aliut
419 2967 563 3031 succedit
586 2976 620 3030 et
643 2989 658 3031 e
680 2965 921 3051 contemptibus
944 2965 1012 3029 exit

200 3075 297 3156 inque
320 3070 389 3134 dies
411 3070 515 3155 magis
536 3070 703 3155 adpetitur
725 3069 880 3154 floretque
902 3078 1065 3154 repertum

111 3316 144 3364 32
163 3317 193 3366 9:
217 3315 293 3364 Luer.
313 3328 373 3376 may
395 3311 523 3362 therefore
545 3311 609 3361 have
633 3311 737 3361 written
760 3312 882 3374 quiequid
904 3311 972 3374 here,
996 3311 1097 3374 though
1119 3313 1254 3363 elsewhere
1276 3313 1317 3363 his

112 3409 175 3445 mss.
195 3395 262 3445 have
282 3395 407 3457 quidquid
427 3393 467 3441 tor
488 3392 531 3442 the
552 3392 673 3450 relative;
693 3393 816 3455 quicquid
835 3392 864 3440 in
884 3390 928 3441 the
950 3406 1023 3441 sense
1040 3393 1069 3442 of
1089 3397 1204 3456 quicque,
1221 3394 1315 3456 rightly

112 3477 250 3538 according
271 3480 299 3527 to
321 3475 367 3525 the
389 3475 444 3524 rule
467 3472 604 3536 explained
626 3473 653 3522 in
676 3476 751 3522 notes
774 3475 788 3522 2
811 3477 838 3523 10
861 3489 871 3522 1
894 3476 925 3522 22
947 3476 1090 3538 quiequam.
1252 3479 1313 3526 1253

110 3561 171 3609 altis
186 3560 210 3608 A
226 3559 295 3608 Nice.
313 3559 380 3609 Flor.
404 3560 435 3606 31
453 3556 542 3607 (lamb.
564 3557 634 3605 Mon.
654 3555 723 3606 Bria
746 3556 804 3605 Ver.
821 3556 885 3607 Ven.
904 3556 977 3606 Junt.
994 3559 1061 3606 altae
1078 3557 1125 3607 BA
1140 3572 1205 3608 corr.
1219 3559 1313 3610 Arane.

110 3643 200 3694 hamb.
368 3641 431 3689 1254
452 3642 491 3689 At
514 3639 587 3688 Junt.
605 3639 661 3687 first
684 3640 725 3687 101
746 3641 777 3697 Α,
795 3638 906 3702 rightly:
929 3643 976 3689 not
999 3638 1074 3689 Pont.
1093 3655 1122 3690 01
1145 3640 1211 3690 Mar.

143 3725 207 3774 1258
223 3726 252 3772 ia
264 3729 331 3772 terra
342 3722 468 3785 splendere
480 3719 559 3769 Lech.
572 3720 629 3767 first
641 3718 680 3767 for
691 3722 720 3768 e'rt
737 3726 824 3770 terrae.
860 3722 889 3769 in
905 3723 978 3770 terris
992 3720 1083 3771 Lamb.
1251 3723 1312 3774 1259

109 3807 179 3869 capti
193 3804 262 3853 Flor.
275 3805 306 3852 31
322 3804 379 3852 Ver.
392 3801 456 3850 Ven.
472 3801 536 3850 Mar.
554 3799 594 3848 for
608 3802 697 3862 capiti.
832 3800 895 3850 1266
912 3802 1147 3865 damnandaeque
1165 3811 1195 3852 at
1213 3806 1313 3854 caedere

104 3894 206 3950 posteat
216 3885 294 3936 Lech.
310 3885 349 3933 for
357 3891 450 3946 parent
461 3885 584 3945 silvaeque
597 3889 621 3929 et
633 3883 716 3931 cedere
725 3883 830 3944 possint.
864 3882 927 3945 [But
934 3881 1044 3945 perhaps
1055 3882 1100 3933 the
1108 3898 1170 3936 mss.
1181 3899 1226 3936 are
1232 3885 1310 3948 right:

108 3981 228 4029 compare
240 3967 324 4016 Plaut.
336 3963 431 4024 Amph.
444 3965 491 4014 192
499 3964 633 4025 praemisit
644 3969 673 4010 ot
683 3964 808 4021 nuntiem
826 3962 878 4012 and
889 3977 930 4012 see
942 3961 1039 4026 Ussing
1050 3963 1145 4027 thera]
1250 3968 1310 4018 1261

108 4051 192 4099 dolare
209 4056 234 4098 et
250 4050 317 4097 levia
333 4048 421 4096 radere
438 4045 502 4096 Mar.
518 4044 592 4093 Junt.
606 4043 673 4105 (Ald.
687 4045 701 4092 1
717 4043 766 4093 has
776 4060 806 4095 ae
818 4045 858 4094 for
868 4044 902 4110 et)
914 4046 955 4095 for
965 4046 1063 4096 dolaret
1075 4049 1157 4098 levare
1168 4065 1200 4100 ac
1211 4052 1310 4100 radere:

107 4129 193 4180 which
204 4144 286 4179 seems
297 4128 342 4177 the
354 4127 470 4189 simplest
481 4125 587 4186 change.
621 4127 698 4182 dano,
717 4127 798 4175 levare
810 4129 939 4176 deradere
955 4126 1035 4177 Laoh.
1070 4129 1171 4179 laevore
1186 4132 1272 4181 dolare
1286 4138 1309 4181 et

106 4214 193 4262 radere
204 4210 296 4260 Lamb.
330 4209 409 4260 Lech.
421 4209 476 4258 also
488 4213 603 4270 suggests
615 4209 700 4258 dehere
710 4223 792 4258 secare
804 4224 834 4258 ac
845 4223 874 4258 or
885 4210 969 4258 1101011
982 4225 1091 4273 aequare
1103 4226 1143 4262 ac.
1248 4213 1308 4264 1272

101 4302 203 4358 poterat
214 4293 305 4343 hamb.
317 4292 370 4342 and
381 4291 463 4341 Lech.
475 4291 515 4340 tor
523 4297 655 4353 poterant:
672 4289 727 4339 this
739 4290 752 4338 I
764 4290 829 4341 have
838 4291 953 4342 received
963 4291 1027 4342 with
1039 4307 1109 4343 some
1120 4292 1269 4347 hesitation.

139 4376 201 4428 1273
220 4378 283 4425 Tum
293 4373 373 4425 Lech.
387 4374 512 4423 forNara.
546 4387 588 4422 aee
599 4371 682 4422 added
691 4372 725 4435 by
735 4373 805 4423 Flor.
818 4375 849 4424 31
862 4374 949 4426 (lamb.
964 4374 1041 4425 Pont.
1054 4375 1120 4426 Mar.
1224 4379 1307 4432 1278e
