2834 4792
105 262 167 330 124
685 249 740 314 111

188 418 227 474 ut
248 409 311 476 sibi
333 411 530 476 consciscant
552 411 711 477 maerenti
731 421 860 498 pectore
882 413 986 477 letum

189 513 284 579 obliti
305 514 428 581 fontem
450 538 599 580 curarum
622 516 708 581 hunc
730 538 799 581 ease
822 515 980 595 timorem,

189 721 276 786 hunc
297 743 413 786 vexare
435 721 600 807 pudorem,
622 721 708 786 hunc
730 721 859 786 vincula
880 720 1035 787 amicitiai

190 846 340 911 rumpere
363 824 453 888 etin
475 846 603 888 summa
624 825 781 910 pietatem
803 835 948 891 evertere
970 826 1105 908 suadet3

191 951 266 993 nam
290 928 355 992 iam
378 949 473 1014 saepe
496 927 642 993 homines
664 927 803 1014 patriam
826 950 977 1015 carosque
999 930 1142 1015 parentis
1267 935 1306 1015 85

190 1032 412 1119 prodiderunt,
433 1031 536 1096 vitare
559 1031 738 1096 Acherusia
759 1033 882 1118 templa
903 1042 1060 1118 petentes.

191 1159 267 1201 nam
291 1135 395 1201 veluti
416 1136 509 1222 pueri
532 1135 696 1221 trepidant
718 1143 817 1221 atque
840 1135 947 1200 omnia
969 1135 1071 1202 caecis

190 1239 226 1304 in
248 1239 391 1305 tenebris
414 1247 575 1316 metuunt,
597 1239 643 1303 sic
664 1261 723 1303 nos
744 1239 779 1303 in
801 1239 872 1303 luce
894 1239 1049 1304 timemus

191 1343 366 1420 interdum,
388 1342 454 1407 nilo
477 1364 559 1428 quae
581 1350 659 1406 sunt
681 1342 857 1406 metuenda
879 1341 981 1429 magis
1004 1364 1102 1428 quam

192 1469 275 1533 quae
297 1447 391 1533 pueri
412 1446 447 1511 in
469 1446 612 1512 tenebris
633 1446 783 1532 pavitant
806 1447 998 1534 finguntque
1020 1449 1138 1514 futura.
1266 1469 1310 1534 90

190 1551 276 1615 hunc
298 1550 401 1637 igitur
422 1559 576 1615 terrorem
598 1549 699 1615 animi
721 1550 934 1636 tenebrasque
957 1559 1119 1616 necessest

191 1677 256 1718 nou
278 1653 361 1718 radii
382 1653 457 1717 solis
479 1675 584 1738 neque
607 1653 714 1718 lucida
736 1653 802 1718 tela
824 1652 890 1718 diei
1106 1648 1119 1668 ⁹

191 1758 376 1835 discutiant,
398 1757 455 1823 sed
477 1767 612 1822 naturae
635 1757 757 1843 species
779 1755 934 1843 ratioque.

235 1862 380 1926 Primum
404 1861 548 1925 animum
571 1860 651 1936 dico,
674 1869 818 1926 mentem
841 1882 938 1947 quam
961 1882 1056 1947 saepe
1079 1886 1242 1943 vocamus,

192 1967 226 2032 in
248 1989 312 2052 quo
334 1965 503 2031 consilium
526 1965 613 2030 vitae
636 1964 843 2052 regimenque
866 1965 1006 2030 locatum
1029 1975 1087 2045 est,
1272 1986 1313 2054 95

192 2094 262 2137 esse
283 2071 423 2135 hominis
444 2079 571 2156 partem
594 2070 660 2134 nilo
682 2070 790 2134 minus
812 2092 849 2135 ac
871 2092 987 2134 manns
1009 2079 1043 2136 et
1065 2094 1123 2157 pes

193 2184 292 2262 atque
318 2173 422 2240 oculei
443 2183 553 2260 partes
575 2173 751 2239 animantis
776 2172 878 2238 totius
900 2181 1022 2240 extant.

191 2405 321 2449 sensum
344 2381 445 2446 animi
467 2389 556 2446 certa
577 2403 642 2445 non
664 2402 733 2445 esse
756 2380 791 2444 in
813 2388 905 2466 parte
928 2381 1078 2458 locatum,

192 2509 304 2552 verum
328 2486 476 2551 habitum
501 2484 662 2570 quendam
685 2485 819 2549 vitalem
842 2484 981 2571 corpou's
1004 2507 1081 2564 esse,

194 2590 394 2655 harmoniam
419 2588 496 2654 Grai
519 2610 617 2674 quam
638 2588 761 2665 dicunt,
787 2588 872 2674 quod
895 2588 991 2653 faciat
1014 2612 1071 2655 nos
1252 2612 1316 2662 100

191 2694 299 2760 vivere
323 2716 396 2758 cum
419 2716 523 2771 sensu,
546 2693 636 2757 nulla
658 2715 731 2757 cum
754 2693 787 2758 in
811 2703 903 2779 parte
926 2694 987 2759 siet
1010 2716 1121 2774 mens;

191 2808 230 2864 ut
251 2799 335 2864 bona
357 2818 451 2882 saepe
475 2796 626 2861 valetudo
648 2818 722 2860 cum
745 2797 865 2862 dicitur
888 2819 959 2863 esse

192 2901 338 2988 corporis,
361 2909 396 2966 et
417 2923 481 2964 non
504 2909 554 2964 est
577 2908 688 2964 tamen
710 2901 789 2965 haec
811 2923 884 2986 pars
907 2901 975 2966 ulla
996 2903 1142 2969 valentia.

192 3007 237 3072 sic
258 3005 360 3070 animi
382 3027 511 3070 sensum
534 3027 599 3068 non
620 3014 709 3070 certa
729 3014 822 3091 parte
844 3015 1024 3090 reponunt3

104 3169 205 3215 statana
325 3161 356 3209 81
373 3161 526 3209 consciscant
542 3159 613 3210 Nico.
631 3161 671 3210 for
686 3162 849 3211 coniciscanf.
964 3161 996 3210 00
1013 3160 1026 3209 Ι
1043 3174 1146 3211 assume
1162 3175 1215 3214 av.
1236 3166 1263 3212 to
1281 3164 1314 3214 be

104 3245 156 3293 lost
166 3243 236 3302 here,
249 3241 314 3292 such
324 3255 354 3291 as
367 3244 417 3304 Qui
428 3245 528 3292 miseros
541 3243 650 3292 ltomiues
661 3256 748 3303 cogens
759 3243 838 3291 scelus
849 3256 919 3290 omne
928 3249 1033 3304 patrare
1044 3260 1050 3292 ε
1068 3255 1109 3292 soe
1120 3244 1197 3292 notes
1210 3245 1234 3293 2.

138 3327 170 3376 84
186 3327 283 3375 suadet.
312 3325 395 3387 fundo
411 3324 503 3374 hamb.
532 3325 629 3386 fraude
645 3322 725 3373 Lach.
759 3324 830 3373 chade
848 3323 923 3375 Bcrn.
1036 3325 1068 3374 94
1085 3340 1160 3388 guam
1175 3325 1314 3377 Charisius

105 3422 131 3471 p.
156 3408 203 3459 187
227 3406 293 3471 (210)
317 3406 358 3456 for
379 3421 461 3469 quenz:
485 3420 513 3454 so
537 3406 606 3456 Mon.
632 3404 704 3455 Junt.
730 3403 821 3455 hamb.
846 3403 927 3454 Lach.
963 3404 1024 3454 ‘hoc
1043 3404 1130 3467 ipsum
1152 3405 1233 3465 dedit,
1251 3411 1315 3460 ante

106 3502 184 3550 qnam
206 3486 318 3538 Charisii
340 3485 404 3537 liber
426 3485 590 3545 innotuisset,
609 3485 751 3546 Marullus;
773 3484 843 3547 quod
863 3486 951 3548 miror,
971 3500 1031 3535 cum
1047 3485 1092 3535 ille
1108 3490 1163 3536 tam
1180 3486 1314 3539 subtiliter

104 3569 217 3620 iudicare
233 3583 286 3618 non
304 3568 400 3618 soleat’
417 3583 476 3631 says
490 3566 586 3618 Lucia:
604 3567 650 3617 but
668 3567 795 3616 Marullus
812 3565 894 3617 found
910 3566 931 3615 it
948 3566 977 3615 in
994 3567 1036 3616 his
1052 3581 1102 3616 ms.
1119 3569 1165 3618 out
1181 3570 1212 3618 of
1226 3569 1313 3620 which

105 3651 238 3702 (laudidus
249 3649 399 3713 alsogotit.
528 3650 559 3700 95
572 3651 680 3698 locatum
692 3649 757 3698 Mar.
769 3648 826 3699 Ald.
842 3648 942 3698 liunt.
955 3650 1128 3700 fornaculum.
1264 3654 1315 3703 988

105 3734 189 3784 before
207 3733 262 3784 this
281 3747 352 3782 verse
372 3730 635 3782 onaormorehave
652 3731 795 3781 beenlost:
818 3731 875 3782 Ald.
893 3732 907 3779 1
925 3731 987 3780 thus
1005 3731 1120 3795 supplies
1136 3731 1166 3791 it,
1187 3734 1313 3795 Quamvis

104 3818 185 3866 multo
207 3817 308 3878 quidem
329 3816 471 3877 sapientum
493 3814 566 3862 turbu
584 3820 702 3876 potaret:
725 3813 790 3862 Mar.
814 3813 885 3863 Junt.
912 3812 963 3862 and
986 3813 1039 3863 eds.
1056 3813 1085 3861 in
1102 3814 1206 3875 general
1224 3814 1312 3866 before

104 3896 184 3949 Lach.
203 3895 260 3959 give
276 3895 320 3945 the
337 3909 416 3956 same,
436 3895 482 3945 but
499 3894 539 3943 for
551 3901 655 3956 putaret
671 3908 742 3943 more
760 3894 884 3956 correctly
896 3901 1035 3956 putarant:
1060 3893 1112 3944 (lif.
1129 3894 1178 3944 has
1196 3899 1311 3958 putarit.

105 3977 157 4029 and
171 3978 225 4028 this
240 3980 309 4038 note,
324 3976 378 4026 ‘Ita
392 3991 416 4026 v.
432 3990 456 4037 q.
472 3976 490 4026 l.
504 3978 589 4038 [vetus
606 3974 711 4038 quidam
728 3974 812 4038 liber].
846 3974 875 4024 iu
891 3974 925 4025 al.
940 3983 1053 4039 putaret.
1071 3975 1105 4024 al.
1120 3976 1250 4039 putarat!
1285 3977 1311 4027 Ῑ1

104 4060 128 4109 11
147 4063 195 4109 not
213 4057 373 4120 improbable
389 4057 434 4108 the
450 4072 474 4108 v.
495 4072 519 4119 q.
538 4059 556 4108 l.
573 4058 597 4107 is
614 4057 660 4107 the
676 4057 740 4108 Ven.
761 4056 824 4106 with
841 4057 975 4107 Marullus'
992 4071 1042 4106 ms.
1060 4061 1149 4109 notesz
1171 4056 1194 4107 it
1210 4057 1234 4107 is
1251 4072 1314 4121 vary

105 4140 217 4203 possible
238 4143 282 4191 too
304 4139 362 4190 that
382 4144 486 4202 putaret
507 4138 536 4188 in
558 4137 617 4188 Ald.
641 4139 654 4186 1
676 4138 699 4187 11
716 4137 871 4201 amisprint
888 4139 1054 4202 forputarit:
1078 4152 1120 4188 see
1136 4137 1206 4189 what
1230 4139 1244 4189 I
1266 4153 1313 4202 say

105 4221 185 4271 above
202 4235 226 4284 p.
247 4221 279 4269 10
295 4234 330 4269 on
346 4219 391 4268 the
406 4218 490 4282 heavy
505 4219 599 4282 charge
615 4217 727 4280 brought
743 4219 847 4280 against
863 4218 993 4268 Avanoius
1012 4219 1046 4281 by
1062 4217 1142 4271 Lach.
1161 4218 1232 4270 here.
1265 4219 1312 4284 [ds

106 4301 232 4351 Marullus
247 4300 374 4352 therefore
387 4300 416 4349 in
430 4299 486 4350 cod.
504 4299 600 4353 Victor.
614 4300 699 4350 writes
711 4308 847 4363 putarunt,
858 4303 958 4364 putarit
968 4315 1020 4350 was
1035 4299 1159 4363 probably
1170 4315 1205 4350 an
1222 4301 1313 4352 1111111·

104 4382 267 4445 suggestion:
286 4397 328 4432 sae
339 4397 366 4433 n.
378 4386 406 4432 to
418 4395 439 4430 11
451 4382 516 4432 529:
533 4381 608 4432 other
618 4380 750 4432 instances
761 4379 813 4430 will
826 4381 856 4431 be
867 4381 970 4432 noticed
981 4381 1081 4444 below]
1168 4383 1217 4433 100
1223 4384 1310 4447 saciat
