2834 4792
755 235 792 300 II

256 397 402 465 ardorem
425 397 460 462 in
483 397 585 482 pertis
606 405 640 462 et
662 397 785 462 lumine
806 397 944 462 conserit
966 420 1060 477 erva3

256 503 292 568 in
314 510 416 567 terres
440 500 544 588 igitur
565 523 692 586 quoque
715 501 790 566 solis
812 501 956 586 vergitur
977 500 1077 566 ardor.

257 615 518 691 transversosque
540 605 646 670 volare
668 628 726 691 per
746 605 859 670 imbris
880 605 1017 669 fulmina
1038 606 1157 671 cernis:

256 732 343 774 nunc
365 708 442 773 hinc
464 730 550 774 nuuc
572 709 662 774 illinc
682 710 813 796 abrupti
835 708 977 774 nubibus
998 709 1090 796 ignes

256 820 468 892 concursant3
493 811 580 876 cedit
602 811 637 876 in
658 819 760 876 terras
782 813 830 876 vis
853 812 1001 878 11222222
1023 812 1122 899 volgo.
1317 829 1372 896 215

301 915 388 980 Illud
411 915 446 980 in
468 915 518 979 his
540 938 667 1001 quoque
690 925 723 980 te
745 916 841 980 rebus
862 937 1050 1002 cognoscere
1074 938 1217 994 avemus,

257 1042 387 1106 corpora
410 1041 484 1084 cum
506 1019 655 1083 deorsum
678 1027 802 1083 rectum
824 1041 882 1104 per
903 1018 998 1083 inane
1022 1019 1170 1084 feruutur

257 1123 452 1210 ponderibus
475 1123 619 1208 propriis,
640 1145 682 1188 se·
694 1122 816 1188 incerto
839 1132 982 1208 tempore
1005 1124 1104 1188 ferme

257 1226 452 1312 incertisque
475 1225 551 1290 locis
573 1225 678 1310 spatio
699 1225 859 1310 depellere
882 1226 1024 1311 paulurn,

257 1338 387 1395 tentum
410 1327 496 1415 quod
517 1351 647 1393 momen
669 1337 833 1393 mutatum
855 1329 960 1393 dicere
982 1328 1090 1414 possis.

257 1431 344 1517 quod
366 1431 429 1495 nisi
450 1429 610 1495 declinare
632 1430 780 1508 solerent,
802 1431 910 1495 omnia
931 1431 1089 1507 deorsum,

257 1534 370 1599 imbris
392 1535 444 1600 uti
465 1543 590 1622 guttae,
612 1535 764 1599 cederent
786 1535 961 1620 perinane
984 1535 1189 1620 profundum,

258 1660 318 1703 uec
340 1638 423 1703 foret
446 1637 585 1703 offensus
607 1647 704 1702 natus
725 1660 786 1704 nec
807 1639 903 1724 plaga
925 1648 1034 1704 creata

258 1741 442 1828 principiis:
471 1741 519 1806 ita
541 1741 587 1806 nil
611 1764 765 1827 umquem
787 1752 904 1808 ustura
926 1752 1071 1809 creasset.

303 1844 398 1926 Quod
420 1845 448 1910 si
471 1845 552 1910 forte
575 1845 692 1931 aliquis
714 1846 816 1911 credit
838 1846 985 1933 graviora
1007 1855 1133 1932 potesse
1316 1862 1374 1928 225

259 1971 397 2035 corpora,
420 1971 484 2034 quo
506 1948 603 2014 citius
625 1957 749 2014 rectum
772 1971 829 2034 per
851 1949 946 2014 inane
969 1949 1126 2026 feruntur,

260 2052 401 2117 incidere
422 2074 462 2117 ex
485 2075 601 2138 supero
623 2051 795 2118 levioribus
817 2060 915 2137 atque
938 2051 985 2117 ita
1007 2053 1121 2139 plagae

258 2156 392 2244 gignere
414 2179 498 2242 quae
520 2156 644 2242 possint
665 2156 818 2243 genitalis
839 2156 973 2221 reddere
994 2164 1112 2232 motus

259 2261 351 2325 avius
373 2283 393 2325 2
416 2282 493 2325 vere
514 2260 609 2346 louge
630 2260 754 2325 ratione
777 2259 906 2325 recedit.

260 2386 335 2429 nam
359 2386 416 2450 per
437 2385 538 2448 equas
560 2384 781 2448 quaecumque
803 2362 924 2428 cadunt
946 2372 1045 2449 atque
1067 2385 1141 2429 aera
1162 2385 1282 2442 rerum,
1317 2381 1379 2447 230

261 2466 341 2533 haec
362 2489 419 2552 pro
442 2465 636 2552 ponderibus
658 2487 749 2530 cesus
771 2464 907 2530 celerare
930 2475 1090 2531 necessest

259 2579 429 2655 propterea
450 2569 527 2656 quia
549 2591 663 2655 corpus
684 2590 787 2653 equae
809 2577 988 2655 naturaque
1011 2569 1116 2635 tenvis

260 2673 343 2739 aeris
365 2673 446 2738 haut
468 2682 603 2758 possunt
625 2694 727 2757 ecque
748 2694 816 2736 rem
839 2694 1001 2758 quemque
1023 2672 1148 2749 morari,

261 2775 317 2840 sed
340 2775 437 2840 citius
459 2775 579 2840 cedunt
600 2774 800 2861 gravioribus
823 2785 1031 2861 exsuperate;

261 2885 297 2942 at
319 2885 430 2942 contra
453 2876 535 2941 nulli
556 2877 597 2941 de
620 2876 709 2940 nulle
731 2885 823 2961 parte
846 2897 950 2962 neque
973 2877 1039 2942 ullo

263 2990 407 3067 tempore
430 2981 525 3046 inane
548 2990 656 3067 potest
679 3003 815 3046 vacuum
838 2980 1012 3046 subsistere
1034 2981 1090 3058 rei,

262 3083 350 3168 quin,
373 3106 430 3148 sue
453 3084 539 3169 quod
561 3093 679 3148 natura
700 3084 793 3169 petit,
816 3084 987 3148 concedere
1010 3093 1144 3171 perget3

263 3185 371 3251 omnic
393 3195 589 3271 quapropter
609 3186 731 3251 debent
752 3209 810 3272 per
832 3186 927 3251 inane
950 3185 1098 3271 quietum

262 3312 364 3375 aeque
387 3289 583 3376 ponderibus
605 3313 669 3355 non
691 3289 803 3376 aequis
824 3290 950 3355 concita
972 3290 1055 3356 ferri.

263 3392 351 3457 haud
373 3393 474 3480 igitur
495 3401 649 3478 poterunt
672 3393 844 3458 levioribus
866 3393 1006 3459 incidere
1029 3416 1182 3478 umquam
1319 3411 1382 3475 240

263 3519 303 3562 ex
326 3519 442 3584 supero
464 3497 610 3584 graviore
631 3520 737 3583 neque
759 3497 843 3562 ictus
864 3497 997 3584 gignere
1020 3519 1133 3583 perse

177 3745 207 3780 or
226 3730 339 3780 aetherio
359 3731 388 3780 21
408 3729 479 3781 older
499 3731 609 3782 editors:
633 3735 698 3783 caeli
718 3733 731 3781 1
750 3731 803 3783 hed
822 3731 918 3795 myself
937 3731 1051 3782 restored
1073 3729 1141 3779 from
1164 3728 1217 3779 Cic.
1237 3728 1310 3780 urat.
1333 3731 1383 3782 297

178 3828 271 3864 mismo
287 3815 352 3864 cccli
368 3814 399 3863 212
416 3817 507 3865 vertice
525 3822 638 3865 22222222.
737 3816 784 3864 214
801 3817 912 3879 abrupti.
945 3816 1061 3877 abruptis
1078 3813 1159 3863 Mser
1176 3812 1361 3864 22222127

210 3896 258 3945 218
274 3909 299 3945 22
315 3892 398 3944 added
413 3895 448 3958 by
464 3894 513 3947 Ed.
543 3897 623 3959 smne
640 3896 708 3946 Flor.
726 3898 757 3945 31
775 3896 864 3947 cumb.
882 3896 946 3948 Mer.
966 3895 1006 3945 lor
1016 3897 1100 3959 firme.
1191 3925 1195 3933 -
1252 3893 1302 3946 219
1319 3907 1384 3944 mss

177 3974 307 4037 22222122
321 3973 406 4038 right:
424 3990 466 4027 see
481 3980 557 4027 notes
574 3979 603 4027 2
623 3980 672 4029 loci
688 3980 779 4042 spatiis
796 3980 914 4029 2122211222
931 3976 1011 4027 Lech.
1023 3975 1109 4026 whom
1124 3975 1137 4023 Ι
1152 3975 1240 4025 belore
1254 3974 1382 4026 followed.

210 4058 258 4109 220
273 4071 374 4107 22222222.
408 4060 538 4108 minimum
553 4062 604 4110 two
621 4060 679 4111 Vct.
699 4060 752 4111 end
768 4060 811 4110 old
827 4059 879 4111 eds.
898 4059 985 4110 before
1002 4059 1077 4108 Junt.
1187 4056 1237 4106 226
1248 4057 1380 4120 seruntur.

172 4137 294 4199 serantur
304 4135 371 4188 vict.
498 4140 546 4192 227
553 4142 646 4203 placas
657 4141 679 4190 B
691 4156 756 4191 corr.
767 4139 819 4190 end
830 4139 921 4190 bamb.
934 4140 973 4189 lor
980 4141 1051 4203 play.
1082 4139 1168 4201 2212212
1178 4135 1250 4186 Nioc.
1261 4134 1382 4187 lossowed

176 4216 210 4280 by
227 4215 262 4266 ell
278 4215 364 4266 before
380 4216 472 4268 Lemb.
568 4221 616 4271 229
633 4223 713 4271 Arius
729 4219 798 4270 Nicc.
816 4220 960 4269 12222122.
1062 4219 1110 4268 233
1127 4219 1201 4266 Acris
1219 4217 1290 4266 baud
1308 4215 1384 4266 Nico.

176 4298 217 4348 lor
232 4299 352 4348 Haereat
367 4297 398 4357 A,
415 4300 540 4348 Hcercud
555 4300 577 4349 B
595 4300 667 4349 Gott.
760 4301 808 4351 234
825 4308 973 4364 exsuperato
990 4300 1055 4351 Mer.
1073 4301 1147 4350 June.
1165 4298 1205 4348 for
1222 4306 1381 4362 2222222222.

176 4386 339 4444 2222222222
355 4379 427 4431 Nico.
443 4378 554 4442 perhaps
571 4380 675 4444 rightly.
790 4384 839 4434 240
852 4391 971 4447 poterunt
987 4383 1056 4435 Flor.
1077 4383 1109 4432 31
1127 4381 1219 4433 (lomb.
1236 4381 1277 4432 lor
1290 4389 1384 4446 potue-
