<?xml version="1.0" encoding="UTF-8"?>
<!DOCTYPE html PUBLIC "-//W3C//DTD XHTML 1.0 Transitional//EN"
    "http://www.w3.org/TR/xhtml1/DTD/xhtml1-transitional.dtd">
<html xmlns="http://www.w3.org/1999/xhtml" xml:lang="en" lang="en">
 <head>
  <title>
</title>
<meta http-equiv="Content-Type" content="text/html;charset=utf-8" />
  <meta name='ocr-system' content='tesseract 3.04.00' />
  <meta name='ocr-capabilities' content='ocr_page ocr_carea ocr_par ocr_line ocrx_word'/>
</head>
<body>
  <div class='ocr_page' id='page_1' title='image "./tlucreticarider02duffgoog_0228.png"; bbox 0 0 2834 4792; ppageno 0'>
   <div class='ocr_carea' id='block_1_1' title="bbox 659 168 688 231">
    <p class='ocr_par' dir='ltr' id='par_1_1' title="bbox 659 168 688 231">
     <span class='ocr_line' id='line_1_1' title="bbox 659 168 688 231; baseline 0 0"><span class='ocrx_word' id='word_1_1' title='bbox 659 168 688 231; x_wconf 88' lang='lat' dir='ltr'>V</span> 
     </span>
    </p>
   </div>
   <div class='ocr_carea' id='block_1_2' title="bbox 152 329 1271 3512">
    <p class='ocr_par' dir='ltr' id='par_1_2' title="bbox 154 329 1005 416">
     <span class='ocr_line' id='line_1_2' title="bbox 154 329 1005 416; baseline 0.002 -23"><span class='ocrx_word' id='word_1_2' title='bbox 154 337 227 394; x_wconf 89' lang='lat' dir='ltr'><strong>tum</strong></span> <span class='ocrx_word' id='word_1_3' title='bbox 248 351 343 415; x_wconf 75' lang='lat' dir='ltr'><strong>porra</strong></span> <span class='ocrx_word' id='word_1_4' title='bbox 363 352 454 416; x_wconf 89' lang='lat' dir='ltr'><strong>puer,</strong></span> <span class='ocrx_word' id='word_1_5' title='bbox 475 339 514 395; x_wconf 90' lang='lat' dir='ltr'><strong>ut</strong></span> <span class='ocrx_word' id='word_1_6' title='bbox 534 329 639 395; x_wconf 80' lang='lat' dir='ltr'><strong>saevis</strong></span> <span class='ocrx_word' id='word_1_7' title='bbox 660 329 824 416; x_wconf 89' lang='lat' dir='ltr'><strong>proiectus</strong></span> <span class='ocrx_word' id='word_1_8' title='bbox 844 330 887 394; x_wconf 89' lang='lat' dir='ltr'><strong>ab</strong></span> <span class='ocrx_word' id='word_1_9' title='bbox 909 330 1005 395; x_wconf 84' lang='lat' dir='ltr'><strong>undis</strong></span> 
     </span>
    </p>

    <p class='ocr_par' dir='ltr' id='par_1_3' title="bbox 152 432 1030 521">
     <span class='ocr_line' id='line_1_3' title="bbox 152 432 1030 521; baseline 0.001 -25"><span class='ocrx_word' id='word_1_10' title='bbox 152 433 273 509; x_wconf 85' lang='lat' dir='ltr'><strong>navita,</strong></span> <span class='ocrx_word' id='word_1_11' title='bbox 294 432 403 498; x_wconf 91' lang='lat' dir='ltr'><strong>nudus</strong></span> <span class='ocrx_word' id='word_1_12' title='bbox 424 432 517 497; x_wconf 93' lang='lat' dir='ltr'><strong>humi</strong></span> <span class='ocrx_word' id='word_1_13' title='bbox 539 433 633 510; x_wconf 84' lang='lat' dir='ltr'><strong>iacet,</strong></span> <span class='ocrx_word' id='word_1_14' title='bbox 653 433 771 510; x_wconf 82' lang='lat' dir='ltr'><strong>infans,</strong></span> <span class='ocrx_word' id='word_1_15' title='bbox 791 434 923 521; x_wconf 88' lang='lat' dir='ltr'><strong>indigus</strong></span> <span class='ocrx_word' id='word_1_16' title='bbox 945 436 1030 499; x_wconf 88' lang='lat' dir='ltr'><strong>omni</strong></span> 
     </span>
    </p>

    <p class='ocr_par' dir='ltr' id='par_1_4' title="bbox 153 536 965 623">
     <span class='ocr_line' id='line_1_4' title="bbox 153 536 965 623; baseline 0.001 -22"><span class='ocrx_word' id='word_1_17' title='bbox 153 536 248 601; x_wconf 87' lang='lat' dir='ltr'><strong>vitali</strong></span> <span class='ocrx_word' id='word_1_18' title='bbox 269 537 399 614; x_wconf 81' lang='lat' dir='ltr'><strong>auxilio,</strong></span> <span class='ocrx_word' id='word_1_19' title='bbox 420 560 495 603; x_wconf 93' lang='lat' dir='ltr'><strong>cum</strong></span> <span class='ocrx_word' id='word_1_20' title='bbox 517 538 660 623; x_wconf 91' lang='lat' dir='ltr'><strong>primum</strong></span> <span class='ocrx_word' id='word_1_21' title='bbox 681 537 717 601; x_wconf 94' lang='lat' dir='ltr'><strong>in</strong></span> <span class='ocrx_word' id='word_1_22' title='bbox 739 537 873 602; x_wconf 91' lang='lat' dir='ltr'><strong>luminis</strong></span> <span class='ocrx_word' id='word_1_23' title='bbox 894 559 965 602; x_wconf 84' lang='lat' dir='ltr'><strong>oras</strong></span> 
     </span>
    </p>

    <p class='ocr_par' dir='ltr' id='par_1_5' title="bbox 154 640 890 727">
     <span class='ocr_line' id='line_1_5' title="bbox 154 640 890 727; baseline 0.001 -23"><span class='ocrx_word' id='word_1_24' title='bbox 154 640 285 706; x_wconf 85' lang='lat' dir='ltr'><strong>nixibus</strong></span> <span class='ocrx_word' id='word_1_25' title='bbox 306 664 347 705; x_wconf 85' lang='lat' dir='ltr'><strong>ex</strong></span> <span class='ocrx_word' id='word_1_26' title='bbox 368 642 440 706; x_wconf 89' lang='lat' dir='ltr'><strong>alvo</strong></span> <span class='ocrx_word' id='word_1_27' title='bbox 464 641 576 706; x_wconf 88' lang='lat' dir='ltr'><strong>matris</strong></span> <span class='ocrx_word' id='word_1_28' title='bbox 597 650 716 706; x_wconf 87' lang='lat' dir='ltr'><strong>natura</strong></span> <span class='ocrx_word' id='word_1_29' title='bbox 737 642 890 727; x_wconf 90' lang='lat' dir='ltr'><strong>profudit,</strong></span> 
     </span>
    </p>

    <p class='ocr_par' dir='ltr' id='par_1_6' title="bbox 155 742 1012 832">
     <span class='ocr_line' id='line_1_6' title="bbox 155 742 1012 832; baseline 0.001 -25"><span class='ocrx_word' id='word_1_30' title='bbox 155 743 331 830; x_wconf 87' lang='lat' dir='ltr'><strong>vagituque</strong></span> <span class='ocrx_word' id='word_1_31' title='bbox 353 742 459 808; x_wconf 89' lang='lat' dir='ltr'><strong>locum</strong></span> <span class='ocrx_word' id='word_1_32' title='bbox 481 743 612 832; x_wconf 79' lang='lat' dir='ltr'>lugubri</span> <span class='ocrx_word' id='word_1_33' title='bbox 634 743 784 829; x_wconf 89' lang='lat' dir='ltr'><strong>eomplet,</strong></span> <span class='ocrx_word' id='word_1_34' title='bbox 807 755 845 808; x_wconf 91' lang='lat' dir='ltr'><strong>ut</strong></span> <span class='ocrx_word' id='word_1_35' title='bbox 866 754 1012 808; x_wconf 79' lang='lat' dir='ltr'><strong>aecumst</strong></span> 
     </span>
    </p>

    <p class='ocr_par' dir='ltr' id='par_1_7' title="bbox 155 848 977 914">
     <span class='ocr_line' id='line_1_7' title="bbox 155 848 977 914; baseline -0.004 0"><span class='ocrx_word' id='word_1_36' title='bbox 155 848 207 914; x_wconf 87' lang='lat' dir='ltr'><strong>cui</strong></span> <span class='ocrx_word' id='word_1_37' title='bbox 229 856 360 913; x_wconf 91' lang='lat' dir='ltr'><strong>tantum</strong></span> <span class='ocrx_word' id='word_1_38' title='bbox 381 848 417 912; x_wconf 94' lang='lat' dir='ltr'><strong>in</strong></span> <span class='ocrx_word' id='word_1_39' title='bbox 437 848 506 914; x_wconf 88' lang='lat' dir='ltr'><strong>vita</strong></span> <span class='ocrx_word' id='word_1_40' title='bbox 527 857 628 914; x_wconf 87' lang='lat' dir='ltr'><strong>restet</strong></span> <span class='ocrx_word' id='word_1_41' title='bbox 651 848 788 913; x_wconf 89' lang='lat' dir='ltr'><strong>transire</strong></span> <span class='ocrx_word' id='word_1_42' title='bbox 811 848 977 912; x_wconf 89' lang='lat' dir='ltr'><strong>malorum.</strong></span> 
     </span>
    </p>

    <p class='ocr_par' dir='ltr' id='par_1_8' title="bbox 155 952 992 1040">
     <span class='ocr_line' id='line_1_8' title="bbox 155 952 992 1040; baseline -0.002 -22"><span class='ocrx_word' id='word_1_43' title='bbox 155 961 190 1018; x_wconf 92' lang='lat' dir='ltr'><strong>at</strong></span> <span class='ocrx_word' id='word_1_44' title='bbox 212 953 319 1018; x_wconf 88' lang='lat' dir='ltr'><strong>variae</strong></span> <span class='ocrx_word' id='word_1_45' title='bbox 340 965 489 1018; x_wconf 83' lang='lat' dir='ltr'><strong>crescunt</strong></span> <span class='ocrx_word' id='word_1_46' title='bbox 510 953 651 1040; x_wconf 90' lang='lat' dir='ltr'><strong>pecudes</strong></span> <span class='ocrx_word' id='word_1_47' title='bbox 672 960 820 1017; x_wconf 86' lang='lat' dir='ltr'><strong>armenta</strong></span> <span class='ocrx_word' id='word_1_48' title='bbox 842 952 992 1037; x_wconf 79' lang='lat' dir='ltr'><strong>feraeque</strong></span> 
     </span>
    </p>

    <p class='ocr_par' dir='ltr' id='par_1_9' title="bbox 155 1049 1113 1139">
     <span class='ocr_line' id='line_1_9' title="bbox 155 1049 1113 1139; baseline -0.003 -22"><span class='ocrx_word' id='word_1_49' title='bbox 155 1075 215 1118; x_wconf 88' lang='lat' dir='ltr'><strong>nec</strong></span> <span class='ocrx_word' id='word_1_50' title='bbox 235 1053 442 1139; x_wconf 80' lang='lat' dir='ltr'><strong>crepitacillis</strong></span> <span class='ocrx_word' id='word_1_51' title='bbox 463 1076 545 1139; x_wconf 90' lang='lat' dir='ltr'><strong>opus</strong></span> <span class='ocrx_word' id='word_1_52' title='bbox 566 1061 617 1118; x_wconf 86' lang='lat' dir='ltr'><strong>est</strong></span> <span class='ocrx_word' id='word_1_53' title='bbox 640 1075 700 1118; x_wconf 89' lang='lat' dir='ltr'><strong>nec</strong></span> <span class='ocrx_word' id='word_1_54' title='bbox 722 1052 874 1137; x_wconf 89' lang='lat' dir='ltr'><strong>cuiquam</strong></span> <span class='ocrx_word' id='word_1_55' title='bbox 897 1049 1113 1115; x_wconf 81' lang='lat' dir='ltr'><strong>adhibendast</strong></span> 
     </span>
    </p>

    <p class='ocr_par' dir='ltr' id='par_1_10' title="bbox 155 1155 1000 1242">
     <span class='ocr_line' id='line_1_10' title="bbox 155 1155 1000 1242; baseline -0.001 -22"><span class='ocrx_word' id='word_1_56' title='bbox 155 1157 258 1221; x_wconf 89' lang='lat' dir='ltr'><strong>almae</strong></span> <span class='ocrx_word' id='word_1_57' title='bbox 280 1156 416 1221; x_wconf 86' lang='lat' dir='ltr'><strong>nutricis</strong></span> <span class='ocrx_word' id='word_1_58' title='bbox 438 1157 557 1222; x_wconf 89' lang='lat' dir='ltr'><strong>blanda</strong></span> <span class='ocrx_word' id='word_1_59' title='bbox 578 1165 678 1242; x_wconf 90' lang='lat' dir='ltr'><strong>atque</strong></span> <span class='ocrx_word' id='word_1_60' title='bbox 700 1156 838 1220; x_wconf 85' lang='lat' dir='ltr'><strong>infracta</strong></span> <span class='ocrx_word' id='word_1_61' title='bbox 860 1155 1000 1241; x_wconf 88' lang='lat' dir='ltr'><strong>loquella</strong></span> 
     </span>
    </p>

    <p class='ocr_par' dir='ltr' id='par_1_11' title="bbox 157 1257 1011 1344">
     <span class='ocr_line' id='line_1_11' title="bbox 157 1257 1011 1344; baseline -0.001 -23"><span class='ocrx_word' id='word_1_62' title='bbox 157 1281 215 1322; x_wconf 89' lang='lat' dir='ltr'><strong>nec</strong></span> <span class='ocrx_word' id='word_1_63' title='bbox 236 1259 340 1323; x_wconf 87' lang='lat' dir='ltr'><strong>varias</strong></span> <span class='ocrx_word' id='word_1_64' title='bbox 362 1269 524 1344; x_wconf 89' lang='lat' dir='ltr'><strong>quaerunt</strong></span> <span class='ocrx_word' id='word_1_65' title='bbox 546 1267 653 1323; x_wconf 88' lang='lat' dir='ltr'><strong>vestes</strong></span> <span class='ocrx_word' id='word_1_66' title='bbox 674 1280 732 1343; x_wconf 91' lang='lat' dir='ltr'><strong>pro</strong></span> <span class='ocrx_word' id='word_1_67' title='bbox 754 1267 901 1343; x_wconf 89' lang='lat' dir='ltr'><strong>tempore</strong></span> <span class='ocrx_word' id='word_1_68' title='bbox 922 1257 1011 1333; x_wconf 87' lang='lat' dir='ltr'><strong>caeli,</strong></span> 
     </span>
    </p>

    <p class='ocr_par' dir='ltr' id='par_1_12' title="bbox 156 1359 1070 1447">
     <span class='ocr_line' id='line_1_12' title="bbox 156 1359 1070 1447; baseline -0.002 -22"><span class='ocrx_word' id='word_1_69' title='bbox 156 1361 295 1446; x_wconf 91' lang='lat' dir='ltr'><strong>denique</strong></span> <span class='ocrx_word' id='word_1_70' title='bbox 317 1384 382 1426; x_wconf 92' lang='lat' dir='ltr'><strong>non</strong></span> <span class='ocrx_word' id='word_1_71' title='bbox 403 1362 502 1426; x_wconf 91' lang='lat' dir='ltr'><strong>armis</strong></span> <span class='ocrx_word' id='word_1_72' title='bbox 523 1384 605 1447; x_wconf 91' lang='lat' dir='ltr'><strong>opus</strong></span> <span class='ocrx_word' id='word_1_73' title='bbox 627 1371 684 1438; x_wconf 88' lang='lat' dir='ltr'><strong>est,</strong></span> <span class='ocrx_word' id='word_1_74' title='bbox 707 1383 773 1424; x_wconf 90' lang='lat' dir='ltr'><strong>non</strong></span> <span class='ocrx_word' id='word_1_75' title='bbox 795 1360 963 1424; x_wconf 89' lang='lat' dir='ltr'><strong>moenibus</strong></span> <span class='ocrx_word' id='word_1_76' title='bbox 985 1359 1070 1434; x_wconf 88' lang='lat' dir='ltr'><strong>altis,</strong></span> 
     </span>
    </p>

    <p class='ocr_par' dir='ltr' id='par_1_13' title="bbox 156 1463 1039 1551">
     <span class='ocr_line' id='line_1_13' title="bbox 156 1463 1039 1551; baseline -0.005 -22"><span class='ocrx_word' id='word_1_77' title='bbox 156 1464 212 1550; x_wconf 92' lang='lat' dir='ltr'><strong>qui</strong></span> <span class='ocrx_word' id='word_1_78' title='bbox 234 1487 294 1530; x_wconf 86' lang='lat' dir='ltr'><strong>sua</strong></span> <span class='ocrx_word' id='word_1_79' title='bbox 316 1473 476 1542; x_wconf 89' lang='lat' dir='ltr'><strong>tutentur,</strong></span> <span class='ocrx_word' id='word_1_80' title='bbox 498 1466 628 1551; x_wconf 91' lang='lat' dir='ltr'><strong>quando</strong></span> <span class='ocrx_word' id='word_1_81' title='bbox 649 1464 799 1529; x_wconf 89' lang='lat' dir='ltr'><strong>omnibus</strong></span> <span class='ocrx_word' id='word_1_82' title='bbox 821 1463 930 1528; x_wconf 88' lang='lat' dir='ltr'><strong>omnia</strong></span> <span class='ocrx_word' id='word_1_83' title='bbox 952 1463 1039 1548; x_wconf 89' lang='lat' dir='ltr'><strong>large</strong></span> 
     </span>
    </p>

    <p class='ocr_par' dir='ltr' id='par_1_14' title="bbox 156 1567 965 1762">
     <span class='ocr_line' id='line_1_14' title="bbox 156 1567 965 1655; baseline -0.002 -22"><span class='ocrx_word' id='word_1_84' title='bbox 156 1568 254 1633; x_wconf 89' lang='lat' dir='ltr'><strong>tellus</strong></span> <span class='ocrx_word' id='word_1_85' title='bbox 275 1569 345 1655; x_wconf 92' lang='lat' dir='ltr'><strong>ipsa</strong></span> <span class='ocrx_word' id='word_1_86' title='bbox 365 1570 453 1655; x_wconf 89' lang='lat' dir='ltr'><strong>parit</strong></span> <span class='ocrx_word' id='word_1_87' title='bbox 474 1581 655 1654; x_wconf 88' lang='lat' dir='ltr'><strong>naturaque</strong></span> <span class='ocrx_word' id='word_1_88' title='bbox 677 1568 813 1633; x_wconf 87' lang='lat' dir='ltr'><strong>daedala</strong></span> <span class='ocrx_word' id='word_1_89' title='bbox 834 1567 965 1650; x_wconf 88' lang='lat' dir='ltr'><strong>rerum]</strong></span> 
     </span>
     <span class='ocr_line' id='line_1_15' title="bbox 199 1674 963 1762; baseline -0.005 -23"><span class='ocrx_word' id='word_1_90' title='bbox 199 1675 360 1762; x_wconf 91' lang='lat' dir='ltr'><strong>Principio</strong></span> <span class='ocrx_word' id='word_1_91' title='bbox 381 1675 534 1761; x_wconf 89' lang='lat' dir='ltr'><strong>quoniam</strong></span> <span class='ocrx_word' id='word_1_92' title='bbox 556 1674 655 1740; x_wconf 88' lang='lat' dir='ltr'><strong>terrai</strong></span> <span class='ocrx_word' id='word_1_93' title='bbox 677 1696 792 1759; x_wconf 88' lang='lat' dir='ltr'><strong>corpus</strong></span> <span class='ocrx_word' id='word_1_94' title='bbox 813 1682 848 1737; x_wconf 88' lang='lat' dir='ltr'><strong>et</strong></span> <span class='ocrx_word' id='word_1_95' title='bbox 870 1694 963 1736; x_wconf 91' lang='lat' dir='ltr'><strong>umor</strong></span> 
     </span>
    </p>

    <p class='ocr_par' dir='ltr' id='par_1_15' title="bbox 156 1776 975 1864">
     <span class='ocr_line' id='line_1_16' title="bbox 156 1776 975 1864; baseline 0 -24"><span class='ocrx_word' id='word_1_96' title='bbox 156 1800 370 1864; x_wconf 86' lang='lat' dir='ltr'><strong>aurarumque</strong></span> <span class='ocrx_word' id='word_1_97' title='bbox 393 1780 480 1844; x_wconf 92' lang='lat' dir='ltr'><strong>leves</strong></span> <span class='ocrx_word' id='word_1_98' title='bbox 501 1778 628 1843; x_wconf 90' lang='lat' dir='ltr'><strong>animae</strong></span> <span class='ocrx_word' id='word_1_99' title='bbox 651 1776 812 1862; x_wconf 86' lang='lat' dir='ltr'><strong>calidique</strong></span> <span class='ocrx_word' id='word_1_100' title='bbox 834 1797 975 1861; x_wconf 84' lang='lat' dir='ltr'><strong>vapores,</strong></span> 
     </span>
    </p>

    <p class='ocr_par' dir='ltr' id='par_1_16' title="bbox 157 1878 1051 1965">
     <span class='ocr_line' id='line_1_17' title="bbox 157 1878 1051 1965; baseline -0.003 -21"><span class='ocrx_word' id='word_1_101' title='bbox 157 1902 175 1944; x_wconf 91' lang='lat' dir='ltr'><strong>e</strong></span> <span class='ocrx_word' id='word_1_102' title='bbox 197 1880 315 1965; x_wconf 90' lang='lat' dir='ltr'><strong>quibus</strong></span> <span class='ocrx_word' id='word_1_103' title='bbox 337 1881 415 1946; x_wconf 89' lang='lat' dir='ltr'><strong>haec</strong></span> <span class='ocrx_word' id='word_1_104' title='bbox 437 1904 545 1946; x_wconf 88' lang='lat' dir='ltr'><strong>rerum</strong></span> <span class='ocrx_word' id='word_1_105' title='bbox 567 1880 741 1945; x_wconf 87' lang='lat' dir='ltr'><strong>consistere</strong></span> <span class='ocrx_word' id='word_1_106' title='bbox 763 1901 891 1944; x_wconf 89' lang='lat' dir='ltr'><strong>summa</strong></span> <span class='ocrx_word' id='word_1_107' title='bbox 914 1878 1051 1951; x_wconf 89' lang='lat' dir='ltr'><strong>videtur,</strong></span> 
     </span>
    </p>

    <p class='ocr_par' dir='ltr' id='par_1_17' title="bbox 156 1979 940 2070">
     <span class='ocr_line' id='line_1_18' title="bbox 156 1979 940 2070; baseline 0 -24"><span class='ocrx_word' id='word_1_108' title='bbox 156 1983 265 2048; x_wconf 91' lang='lat' dir='ltr'><strong>omnia</strong></span> <span class='ocrx_word' id='word_1_109' title='bbox 285 1985 396 2049; x_wconf 87' lang='lat' dir='ltr'><strong>nativo</strong></span> <span class='ocrx_word' id='word_1_110' title='bbox 418 1979 455 2050; x_wconf 84' lang='lat' dir='ltr'><strong>ac&#39;</strong></span> <span class='ocrx_word' id='word_1_111' title='bbox 477 1984 606 2050; x_wconf 87' lang='lat' dir='ltr'><strong>mortali</strong></span> <span class='ocrx_word' id='word_1_112' title='bbox 628 2005 757 2070; x_wconf 87' lang='lat' dir='ltr'><strong>corpore</strong></span> <span class='ocrx_word' id='word_1_113' title='bbox 780 1990 940 2058; x_wconf 83' lang='lat' dir='ltr'><strong>constant,</strong></span> 
     </span>
    </p>

    <p class='ocr_par' dir='ltr' id='par_1_18' title="bbox 156 2085 931 2172">
     <span class='ocr_line' id='line_1_19' title="bbox 156 2085 931 2172; baseline -0.001 -21"><span class='ocrx_word' id='word_1_114' title='bbox 156 2085 254 2151; x_wconf 89' lang='lat' dir='ltr'><strong>debet</strong></span> <span class='ocrx_word' id='word_1_115' title='bbox 276 2088 389 2152; x_wconf 90' lang='lat' dir='ltr'><strong>eodem</strong></span> <span class='ocrx_word' id='word_1_116' title='bbox 411 2089 516 2153; x_wconf 90' lang='lat' dir='ltr'><strong>omnis</strong></span> <span class='ocrx_word' id='word_1_117' title='bbox 538 2088 652 2152; x_wconf 91' lang='lat' dir='ltr'><strong>mundi</strong></span> <span class='ocrx_word' id='word_1_118' title='bbox 673 2095 792 2152; x_wconf 89' lang='lat' dir='ltr'><strong>natura</strong></span> <span class='ocrx_word' id='word_1_119' title='bbox 813 2087 931 2172; x_wconf 89' lang='lat' dir='ltr'><strong>putari.</strong></span> 
     </span>
    </p>

    <p class='ocr_par' dir='ltr' id='par_1_19' title="bbox 155 2188 1271 2277">
     <span class='ocr_line' id='line_1_20' title="bbox 155 2188 1271 2277; baseline -0.002 -23"><span class='ocrx_word' id='word_1_120' title='bbox 155 2189 274 2276; x_wconf 90' lang='lat' dir='ltr'><strong>quippe</strong></span> <span class='ocrx_word' id='word_1_121' title='bbox 297 2191 418 2256; x_wconf 88' lang='lat' dir='ltr'><strong>etenim</strong></span> <span class='ocrx_word' id='word_1_122' title='bbox 442 2213 577 2277; x_wconf 90' lang='lat' dir='ltr'><strong>quorum</strong></span> <span class='ocrx_word' id='word_1_123' title='bbox 599 2191 702 2276; x_wconf 87' lang='lat' dir='ltr'><strong>partis</strong></span> <span class='ocrx_word' id='word_1_124' title='bbox 724 2199 758 2255; x_wconf 92' lang='lat' dir='ltr'><strong>et</strong></span> <span class='ocrx_word' id='word_1_125' title='bbox 781 2190 926 2254; x_wconf 89' lang='lat' dir='ltr'><strong>membra</strong></span> <span class='ocrx_word' id='word_1_126' title='bbox 950 2188 1096 2252; x_wconf 90' lang='lat' dir='ltr'><strong>videmus</strong></span> <span class='ocrx_word' id='word_1_127' title='bbox 1207 2204 1271 2268; x_wconf 89' lang='lat'><strong>240</strong></span> 
     </span>
    </p>

    <p class='ocr_par' dir='ltr' id='par_1_20' title="bbox 157 2292 925 2379">
     <span class='ocr_line' id='line_1_21' title="bbox 157 2292 925 2379; baseline 0.001 -23"><span class='ocrx_word' id='word_1_128' title='bbox 157 2314 284 2379; x_wconf 89' lang='lat' dir='ltr'><strong>corpore</strong></span> <span class='ocrx_word' id='word_1_129' title='bbox 306 2295 418 2359; x_wconf 88' lang='lat' dir='ltr'><strong>nativo</strong></span> <span class='ocrx_word' id='word_1_130' title='bbox 440 2317 476 2358; x_wconf 90' lang='lat' dir='ltr'><strong>ac</strong></span> <span class='ocrx_word' id='word_1_131' title='bbox 498 2294 690 2358; x_wconf 85' lang='lat' dir='ltr'><strong>mortalibus</strong></span> <span class='ocrx_word' id='word_1_132' title='bbox 711 2316 780 2358; x_wconf 86' lang='lat' dir='ltr'><strong>ease</strong></span> <span class='ocrx_word' id='word_1_133' title='bbox 803 2292 925 2379; x_wconf 89' lang='lat' dir='ltr'><strong>figuris,</strong></span> 
     </span>
    </p>

    <p class='ocr_par' dir='ltr' id='par_1_21' title="bbox 157 2397 938 2463">
     <span class='ocr_line' id='line_1_22' title="bbox 157 2397 938 2463; baseline -0.003 -2"><span class='ocrx_word' id='word_1_134' title='bbox 157 2397 235 2462; x_wconf 87' lang='lat' dir='ltr'><strong>haec</strong></span> <span class='ocrx_word' id='word_1_135' title='bbox 257 2399 370 2463; x_wconf 89' lang='lat' dir='ltr'><strong>eadem</strong></span> <span class='ocrx_word' id='word_1_136' title='bbox 394 2400 493 2463; x_wconf 87' lang='lat' dir='ltr'><strong>ferme</strong></span> <span class='ocrx_word' id='word_1_137' title='bbox 515 2397 664 2462; x_wconf 90' lang='lat' dir='ltr'><strong>mortalia</strong></span> <span class='ocrx_word' id='word_1_138' title='bbox 686 2398 847 2462; x_wconf 89' lang='lat' dir='ltr'><strong>cemimus</strong></span> <span class='ocrx_word' id='word_1_139' title='bbox 869 2418 938 2461; x_wconf 90' lang='lat' dir='ltr'><strong>esse</strong></span> 
     </span>
    </p>

    <p class='ocr_par' dir='ltr' id='par_1_22' title="bbox 156 2499 974 2587">
     <span class='ocr_line' id='line_1_23' title="bbox 156 2499 974 2587; baseline -0.004 -22"><span class='ocrx_word' id='word_1_140' title='bbox 156 2509 190 2565; x_wconf 92' lang='lat' dir='ltr'><strong>et</strong></span> <span class='ocrx_word' id='word_1_141' title='bbox 211 2501 323 2566; x_wconf 87' lang='lat' dir='ltr'><strong>nativa</strong></span> <span class='ocrx_word' id='word_1_142' title='bbox 344 2501 449 2566; x_wconf 91' lang='lat' dir='ltr'><strong>simul.</strong></span> <span class='ocrx_word' id='word_1_143' title='bbox 479 2511 676 2587; x_wconf 89' lang='lat' dir='ltr'><strong>quapropter</strong></span> <span class='ocrx_word' id='word_1_144' title='bbox 697 2501 839 2563; x_wconf 84' lang='lat' dir='ltr'><strong>maxima</strong></span> <span class='ocrx_word' id='word_1_145' title='bbox 860 2499 974 2563; x_wconf 92' lang='lat' dir='ltr'><strong>mundi</strong></span> 
     </span>
    </p>

    <p class='ocr_par' dir='ltr' id='par_1_23' title="bbox 155 2600 1096 2690">
     <span class='ocr_line' id='line_1_24' title="bbox 155 2600 1096 2690; baseline -0.005 -22"><span class='ocrx_word' id='word_1_146' title='bbox 155 2626 229 2668; x_wconf 86' lang='lat' dir='ltr'><strong>cum</strong></span> <span class='ocrx_word' id='word_1_147' title='bbox 252 2604 379 2669; x_wconf 88' lang='lat' dir='ltr'><strong>videam</strong></span> <span class='ocrx_word' id='word_1_148' title='bbox 402 2605 546 2670; x_wconf 88' lang='lat' dir='ltr'><strong>membra</strong></span> <span class='ocrx_word' id='word_1_149' title='bbox 566 2627 604 2668; x_wconf 91' lang='lat' dir='ltr'><strong>ac</strong></span> <span class='ocrx_word' id='word_1_150' title='bbox 627 2604 728 2690; x_wconf 86' lang='lat' dir='ltr'><strong>partis</strong></span> <span class='ocrx_word' id='word_1_151' title='bbox 749 2612 941 2687; x_wconf 88' lang='lat' dir='ltr'><strong>consumpta</strong></span> <span class='ocrx_word' id='word_1_152' title='bbox 962 2600 1096 2687; x_wconf 92' lang='lat' dir='ltr'><strong>regigni,</strong></span> 
     </span>
    </p>

    <p class='ocr_par' dir='ltr' id='par_1_24' title="bbox 156 2704 1267 2793">
     <span class='ocr_line' id='line_1_25' title="bbox 156 2704 1267 2793; baseline -0.007 -21"><span class='ocrx_word' id='word_1_153' title='bbox 156 2708 235 2772; x_wconf 71' lang='lat' dir='ltr'><strong>Scire</strong></span> <span class='ocrx_word' id='word_1_154' title='bbox 257 2707 334 2772; x_wconf 87' lang='lat' dir='ltr'><strong>licet</strong></span> <span class='ocrx_word' id='word_1_155' title='bbox 355 2707 436 2772; x_wconf 81' lang='lat' dir='ltr'><strong>caeli</strong></span> <span class='ocrx_word' id='word_1_156' title='bbox 458 2730 586 2793; x_wconf 87' lang='lat' dir='ltr'><strong>quoque</strong></span> <span class='ocrx_word' id='word_1_157' title='bbox 608 2707 689 2772; x_wconf 87' lang='lat' dir='ltr'><strong>item</strong></span> <span class='ocrx_word' id='word_1_158' title='bbox 711 2715 880 2791; x_wconf 85' lang='lat' dir='ltr'><strong>terraeque</strong></span> <span class='ocrx_word' id='word_1_159' title='bbox 903 2704 1002 2769; x_wconf 87' lang='lat' dir='ltr'><strong>fuisse</strong></span> <span class='ocrx_word' id='word_1_160' title='bbox 1208 2717 1267 2782; x_wconf 65' lang='lat'><strong>245</strong></span> 
     </span>
    </p>

    <p class='ocr_par' dir='ltr' id='par_1_25' title="bbox 155 2806 1033 2996">
     <span class='ocr_line' id='line_1_26' title="bbox 155 2806 1033 2894; baseline -0.003 -23"><span class='ocrx_word' id='word_1_161' title='bbox 155 2807 343 2893; x_wconf 89' lang='lat' dir='ltr'><strong>principiale</strong></span> <span class='ocrx_word' id='word_1_162' title='bbox 364 2808 495 2894; x_wconf 90' lang='lat' dir='ltr'><strong>aliquod</strong></span> <span class='ocrx_word' id='word_1_163' title='bbox 517 2816 647 2893; x_wconf 90' lang='lat' dir='ltr'><strong>tempus</strong></span> <span class='ocrx_word' id='word_1_164' title='bbox 669 2807 857 2891; x_wconf 87' lang='lat' dir='ltr'><strong>clademque</strong></span> <span class='ocrx_word' id='word_1_165' title='bbox 880 2806 1033 2869; x_wconf 85' lang='lat' dir='ltr'><strong>futuram.</strong></span> 
     </span>
     <span class='ocr_line' id='line_1_27' title="bbox 199 2908 931 2996; baseline -0.001 -21"><span class='ocrx_word' id='word_1_166' title='bbox 199 2911 286 2976; x_wconf 94' lang='lat' dir='ltr'><strong>Illud</strong></span> <span class='ocrx_word' id='word_1_167' title='bbox 308 2912 344 2976; x_wconf 94' lang='lat' dir='ltr'><strong>in</strong></span> <span class='ocrx_word' id='word_1_168' title='bbox 366 2912 417 2976; x_wconf 89' lang='lat' dir='ltr'><strong>his</strong></span> <span class='ocrx_word' id='word_1_169' title='bbox 438 2913 535 2977; x_wconf 92' lang='lat' dir='ltr'><strong>rebus</strong></span> <span class='ocrx_word' id='word_1_170' title='bbox 556 2935 598 2976; x_wconf 89' lang='lat' dir='ltr'><strong>ne</strong></span> <span class='ocrx_word' id='word_1_171' title='bbox 620 2910 810 2996; x_wconf 86' lang='lat' dir='ltr'><strong>corripuisse</strong></span> <span class='ocrx_word' id='word_1_172' title='bbox 832 2908 931 2974; x_wconf 88' lang='lat' dir='ltr'><strong>rearis</strong></span> 
     </span>
    </p>

    <p class='ocr_par' dir='ltr' id='par_1_26' title="bbox 156 3010 1140 3101">
     <span class='ocr_line' id='line_1_28' title="bbox 156 3010 1140 3101; baseline -0.004 -24"><span class='ocrx_word' id='word_1_173' title='bbox 156 3036 207 3078; x_wconf 90' lang='lat' dir='ltr'><strong>me</strong></span> <span class='ocrx_word' id='word_1_174' title='bbox 229 3014 320 3091; x_wconf 91' lang='lat' dir='ltr'><strong>mihi,</strong></span> <span class='ocrx_word' id='word_1_175' title='bbox 342 3015 428 3101; x_wconf 91' lang='lat' dir='ltr'><strong>quod</strong></span> <span class='ocrx_word' id='word_1_176' title='bbox 450 3023 568 3080; x_wconf 86' lang='lat' dir='ltr'><strong>terram</strong></span> <span class='ocrx_word' id='word_1_177' title='bbox 591 3023 691 3100; x_wconf 89' lang='lat' dir='ltr'><strong>atque</strong></span> <span class='ocrx_word' id='word_1_178' title='bbox 713 3014 822 3100; x_wconf 88' lang='lat' dir='ltr'><strong>ignem</strong></span> <span class='ocrx_word' id='word_1_179' title='bbox 845 3011 995 3076; x_wconf 88' lang='lat' dir='ltr'><strong>mortalia</strong></span> <span class='ocrx_word' id='word_1_180' title='bbox 1016 3010 1140 3095; x_wconf 91' lang='lat' dir='ltr'><strong>sumpsi</strong></span> 
     </span>
    </p>

    <p class='ocr_par' dir='ltr' id='par_1_27' title="bbox 155 3115 995 3204">
     <span class='ocr_line' id='line_1_29' title="bbox 155 3115 995 3204; baseline -0.004 -22"><span class='ocrx_word' id='word_1_181' title='bbox 155 3140 223 3183; x_wconf 87' lang='lat' dir='ltr'><strong>esse</strong></span> <span class='ocrx_word' id='word_1_182' title='bbox 245 3141 350 3204; x_wconf 90' lang='lat' dir='ltr'><strong>neque</strong></span> <span class='ocrx_word' id='word_1_183' title='bbox 373 3141 517 3184; x_wconf 91' lang='lat' dir='ltr'><strong>umorem</strong></span> <span class='ocrx_word' id='word_1_184' title='bbox 540 3118 689 3183; x_wconf 83' lang='lat' dir='ltr'><strong>dubitavi</strong></span> <span class='ocrx_word' id='word_1_185' title='bbox 710 3138 868 3201; x_wconf 90' lang='lat' dir='ltr'><strong>aurasque</strong></span> <span class='ocrx_word' id='word_1_186' title='bbox 891 3115 995 3202; x_wconf 90' lang='lat' dir='ltr'><strong>perire</strong></span> 
     </span>
    </p>

    <p class='ocr_par' dir='ltr' id='par_1_28' title="bbox 155 3218 1270 3310">
     <span class='ocr_line' id='line_1_30' title="bbox 155 3218 1270 3310; baseline -0.007 -23"><span class='ocrx_word' id='word_1_187' title='bbox 155 3230 253 3307; x_wconf 85' lang='lat' dir='ltr'><strong>atque</strong></span> <span class='ocrx_word' id='word_1_188' title='bbox 275 3222 388 3287; x_wconf 89' lang='lat' dir='ltr'><strong>eadem</strong></span> <span class='ocrx_word' id='word_1_189' title='bbox 409 3223 502 3310; x_wconf 84' lang='lat' dir='ltr'><strong>gigni</strong></span> <span class='ocrx_word' id='word_1_190' title='bbox 524 3244 697 3307; x_wconf 86' lang='lat' dir='ltr'><strong>rursusque</strong></span> <span class='ocrx_word' id='word_1_191' title='bbox 718 3242 890 3307; x_wconf 89' lang='lat' dir='ltr'><strong>augescere</strong></span> <span class='ocrx_word' id='word_1_192' title='bbox 912 3218 990 3296; x_wconf 87' lang='lat' dir='ltr'><strong>dixi,</strong></span> <span class='ocrx_word' id='word_1_193' title='bbox 1207 3231 1270 3296; x_wconf 86' lang='lat'><strong>250</strong></span> 
     </span>
    </p>

    <p class='ocr_par' dir='ltr' id='par_1_29' title="bbox 155 3324 869 3410">
     <span class='ocr_line' id='line_1_31' title="bbox 155 3324 869 3410; baseline -0.003 -23"><span class='ocrx_word' id='word_1_194' title='bbox 155 3324 313 3410; x_wconf 86' lang='lat' dir='ltr'><strong>principio</strong></span> <span class='ocrx_word' id='word_1_195' title='bbox 335 3348 408 3410; x_wconf 88' lang='lat' dir='ltr'><strong>pars</strong></span> <span class='ocrx_word' id='word_1_196' title='bbox 431 3325 529 3389; x_wconf 87' lang='lat' dir='ltr'><strong>terrai</strong></span> <span class='ocrx_word' id='word_1_197' title='bbox 551 3324 714 3400; x_wconf 88' lang='lat' dir='ltr'><strong>nonnulla,</strong></span> <span class='ocrx_word' id='word_1_198' title='bbox 735 3330 869 3408; x_wconf 87' lang='lat' dir='ltr'><strong>perusta</strong></span> 
     </span>
    </p>

    <p class='ocr_par' dir='ltr' id='par_1_30' title="bbox 155 3424 933 3512">
     <span class='ocr_line' id='line_1_32' title="bbox 155 3424 933 3512; baseline -0.006 -21"><span class='ocrx_word' id='word_1_199' title='bbox 155 3427 276 3491; x_wconf 91' lang='lat' dir='ltr'><strong>solibus</strong></span> <span class='ocrx_word' id='word_1_200' title='bbox 297 3427 449 3504; x_wconf 88' lang='lat' dir='ltr'><strong>adsiduis,</strong></span> <span class='ocrx_word' id='word_1_201' title='bbox 472 3427 576 3492; x_wconf 90' lang='lat' dir='ltr'><strong>multa</strong></span> <span class='ocrx_word' id='word_1_202' title='bbox 598 3426 727 3512; x_wconf 89' lang='lat' dir='ltr'><strong>pulsata</strong></span> <span class='ocrx_word' id='word_1_203' title='bbox 748 3425 869 3511; x_wconf 88' lang='lat' dir='ltr'><strong>pedum</strong></span> <span class='ocrx_word' id='word_1_204' title='bbox 892 3424 933 3499; x_wconf 87' lang='lat' dir='ltr'><strong>vi,</strong></span> 
     </span>
    </p>
   </div>
   <div class='ocr_carea' id='block_1_3' title="bbox 106 3658 1271 4360">
    <p class='ocr_par' dir='ltr' id='par_1_31' title="bbox 106 3658 1271 4360">
     <span class='ocr_line' id='line_1_33' title="bbox 107 3658 1270 3724; baseline -0.003 -13"><span class='ocrx_word' id='word_1_205' title='bbox 107 3661 138 3712; x_wconf 72' lang='lat' dir='ltr'><strong>i:</strong></span> <span class='ocrx_word' id='word_1_206' title='bbox 154 3663 228 3714; x_wconf 74' lang='lat' dir='ltr'><strong>tunt.</strong></span> <span class='ocrx_word' id='word_1_207' title='bbox 244 3678 273 3712; x_wconf 88' lang='lat' dir='ltr'><strong>as</strong></span> <span class='ocrx_word' id='word_1_208' title='bbox 285 3663 341 3713; x_wconf 82' lang='lat' dir='ltr'><strong>Ald.</strong></span> <span class='ocrx_word' id='word_1_209' title='bbox 355 3663 430 3713; x_wconf 88' lang='lat' dir='ltr'><strong>lhas</strong></span> <span class='ocrx_word' id='word_1_210' title='bbox 441 3666 556 3714; x_wconf 76' lang='lat' dir='ltr'><strong>avidam:</strong></span> <span class='ocrx_word' id='word_1_211' title='bbox 574 3663 621 3712; x_wconf 88' lang='lat' dir='ltr'><strong>but</strong></span> <span class='ocrx_word' id='word_1_212' title='bbox 632 3663 660 3711; x_wconf 90' lang='lat' dir='ltr'><strong>in</strong></span> <span class='ocrx_word' id='word_1_213' title='bbox 672 3677 751 3724; x_wconf 83' lang='lat' dir='ltr'><strong>marg.</strong></span> <span class='ocrx_word' id='word_1_214' title='bbox 767 3663 796 3712; x_wconf 84' lang='lat' dir='ltr'><strong>oi</strong></span> <span class='ocrx_word' id='word_1_215' title='bbox 811 3661 882 3711; x_wconf 85' lang='lat' dir='ltr'><strong>Mon.</strong></span> <span class='ocrx_word' id='word_1_216' title='bbox 901 3662 1016 3711; x_wconf 80' lang='lat' dir='ltr'><strong>‘avidam</strong></span> <span class='ocrx_word' id='word_1_217' title='bbox 1029 3659 1138 3722; x_wconf 82' lang='lat' dir='ltr'><strong>partcm‘</strong></span> <span class='ocrx_word' id='word_1_218' title='bbox 1153 3658 1176 3707; x_wconf 85' lang='lat' dir='ltr'><strong>is</strong></span> <span class='ocrx_word' id='word_1_219' title='bbox 1191 3658 1270 3707; x_wconf 87' lang='lat' dir='ltr'><strong>noted</strong></span> 
     </span>
     <span class='ocr_line' id='line_1_34' title="bbox 111 3737 1269 3806; baseline -0.005 -14"><span class='ocrx_word' id='word_1_220' title='bbox 111 3747 219 3806; x_wconf 83' lang='lat' dir='ltr'><strong>strange.</strong></span> <span class='ocrx_word' id='word_1_221' title='bbox 378 3747 425 3796; x_wconf 83' lang='grc'><strong>227</strong></span> <span class='ocrx_word' id='word_1_222' title='bbox 443 3753 517 3795; x_wconf 71' lang='lat' dir='ltr'><strong>restet</strong></span> <span class='ocrx_word' id='word_1_223' title='bbox 530 3747 638 3794; x_wconf 67' lang='lat' dir='ltr'><strong>transire</strong></span> <span class='ocrx_word' id='word_1_224' title='bbox 649 3744 771 3794; x_wconf 75' lang='lat' dir='ltr'><strong>Lactant·</strong></span> <span class='ocrx_word' id='word_1_225' title='bbox 783 3741 836 3792; x_wconf 86' lang='lat' dir='ltr'><strong>and</strong></span> <span class='ocrx_word' id='word_1_226' title='bbox 846 3742 917 3791; x_wconf 86' lang='lat' dir='ltr'><strong>Nioo.</strong></span> <span class='ocrx_word' id='word_1_227' title='bbox 930 3742 1044 3791; x_wconf 76' lang='lat' dir='ltr'><strong>torreat</strong></span> <span class='ocrx_word' id='word_1_228' title='bbox 1056 3740 1197 3798; x_wconf 72' lang='lat' dir='ltr'><strong>transireat,</strong></span> <span class='ocrx_word' id='word_1_229' title='bbox 1210 3737 1269 3787; x_wconf 88' lang='lat' dir='ltr'><strong>that</strong></span> 
     </span>
     <span class='ocr_line' id='line_1_35' title="bbox 107 3817 1271 3886; baseline -0.005 -14"><span class='ocrx_word' id='word_1_230' title='bbox 107 3822 199 3886; x_wconf 83' lang='lat' dir='ltr'><strong>riously</strong></span> <span class='ocrx_word' id='word_1_231' title='bbox 210 3824 328 3886; x_wconf 86' lang='lat' dir='ltr'><strong>frequent</strong></span> <span class='ocrx_word' id='word_1_232' title='bbox 340 3824 449 3874; x_wconf 89' lang='lat' dir='ltr'><strong>blunder</strong></span> <span class='ocrx_word' id='word_1_233' title='bbox 458 3825 485 3873; x_wconf 82' lang='lat' dir='ltr'><strong>of</strong></span> <span class='ocrx_word' id='word_1_234' title='bbox 496 3824 552 3872; x_wconf 79' lang='lat' dir='ltr'><strong>AB:</strong></span> <span class='ocrx_word' id='word_1_235' title='bbox 571 3839 612 3873; x_wconf 91' lang='lat' dir='ltr'><strong>see</strong></span> <span class='ocrx_word' id='word_1_236' title='bbox 624 3839 651 3872; x_wconf 76' lang='grc' dir='ltr'><strong>ιν</strong></span> <span class='ocrx_word' id='word_1_237' title='bbox 663 3826 719 3875; x_wconf 83' lang='grc'>783.</span> <span class='ocrx_word' id='word_1_238' title='bbox 809 3824 857 3873; x_wconf 83' lang='grc'><strong>239</strong></span> <span class='ocrx_word' id='word_1_239' title='bbox 874 3823 957 3870; x_wconf 80' lang='lat' dir='ltr'><strong>eodem</strong></span> <span class='ocrx_word' id='word_1_240' title='bbox 968 3822 1047 3869; x_wconf 76' lang='lat' dir='ltr'><strong>omnia</strong></span> <span class='ocrx_word' id='word_1_241' title='bbox 1060 3819 1111 3868; x_wconf 86' lang='lat' dir='ltr'><strong>Gif.</strong></span> <span class='ocrx_word' id='word_1_242' title='bbox 1123 3817 1220 3881; x_wconf 84' lang='lat' dir='ltr'><strong>rightly</strong></span> <span class='ocrx_word' id='word_1_243' title='bbox 1230 3819 1271 3868; x_wconf 84' lang='lat' dir='ltr'><strong>ior</strong></span> 
     </span>
     <span class='ocr_line' id='line_1_36' title="bbox 107 3899 1269 3961; baseline -0.005 -9"><span class='ocrx_word' id='word_1_244' title='bbox 107 3905 152 3952; x_wconf 80' lang='lat' dir='ltr'><strong>lem</strong></span> <span class='ocrx_word' id='word_1_245' title='bbox 163 3906 251 3961; x_wconf 74' lang='lat' dir='ltr'><strong>omnia,</strong></span> <span class='ocrx_word' id='word_1_246' title='bbox 263 3903 316 3953; x_wconf 88' lang='lat' dir='ltr'><strong>and</strong></span> <span class='ocrx_word' id='word_1_247' title='bbox 326 3904 411 3953; x_wconf 86' lang='lat' dir='ltr'><strong>before</strong></span> <span class='ocrx_word' id='word_1_248' title='bbox 422 3903 478 3952; x_wconf 92' lang='lat' dir='ltr'><strong>him</strong></span> <span class='ocrx_word' id='word_1_249' title='bbox 490 3903 535 3952; x_wconf 89' lang='lat' dir='ltr'><strong>the</strong></span> <span class='ocrx_word' id='word_1_250' title='bbox 546 3903 619 3953; x_wconf 86' lang='lat' dir='ltr'><strong>Paris</strong></span> <span class='ocrx_word' id='word_1_251' title='bbox 630 3903 670 3952; x_wconf 89' lang='lat' dir='ltr'><strong>ed.</strong></span> <span class='ocrx_word' id='word_1_252' title='bbox 683 3904 711 3953; x_wconf 80' lang='lat' dir='ltr'><strong>ot</strong></span> <span class='ocrx_word' id='word_1_253' title='bbox 721 3902 792 3953; x_wconf 88' lang='lat' dir='ltr'><strong>Pius.</strong></span> <span class='ocrx_word' id='word_1_254' title='bbox 829 3909 881 3950; x_wconf 84' lang='lat' dir='ltr'><strong>tota</strong></span> <span class='ocrx_word' id='word_1_255' title='bbox 893 3903 977 3950; x_wconf 82' lang='lat' dir='ltr'><strong>eodem</strong></span> <span class='ocrx_word' id='word_1_256' title='bbox 987 3899 1077 3949; x_wconf 87' lang='lat' dir='ltr'><strong>Lamb.</strong></span> <span class='ocrx_word' id='word_1_257' title='bbox 1221 3900 1269 3946; x_wconf 86' lang='grc'><strong>241</strong></span> 
     </span>
     <span class='ocr_line' id='line_1_37' title="bbox 107 3976 1270 4040; baseline -0.004 -8"><span class='ocrx_word' id='word_1_258' title='bbox 107 3986 155 4032; x_wconf 77' lang='lat' dir='ltr'><strong>tivo</strong></span> <span class='ocrx_word' id='word_1_259' title='bbox 170 3999 201 4033; x_wconf 85' lang='lat' dir='ltr'><strong>ac</strong></span> <span class='ocrx_word' id='word_1_260' title='bbox 215 3985 362 4033; x_wconf 71' lang='lat' dir='ltr'><strong>mortalibtw</strong></span> <span class='ocrx_word' id='word_1_261' title='bbox 377 3983 457 4033; x_wconf 84' lang='lat' dir='ltr'><strong>Lach.</strong></span> <span class='ocrx_word' id='word_1_262' title='bbox 474 3985 513 4033; x_wconf 85' lang='lat' dir='ltr'><strong>for</strong></span> <span class='ocrx_word' id='word_1_263' title='bbox 527 3986 638 4033; x_wconf 77' lang='lat' dir='ltr'><strong>nativum</strong></span> <span class='ocrx_word' id='word_1_264' title='bbox 651 3985 809 4033; x_wconf 79' lang='lat' dir='ltr'><strong>mortalibus:</strong></span> <span class='ocrx_word' id='word_1_265' title='bbox 827 3986 873 4031; x_wconf 86' lang='lat' dir='ltr'><strong>not</strong></span> <span class='ocrx_word' id='word_1_266' title='bbox 889 3980 1033 4040; x_wconf 82' lang='lat' dir='ltr'><strong>Naugerius</strong></span> <span class='ocrx_word' id='word_1_267' title='bbox 1048 3978 1105 4027; x_wconf 88' lang='lat' dir='ltr'><strong>who</strong></span> <span class='ocrx_word' id='word_1_268' title='bbox 1120 3976 1169 4026; x_wconf 86' lang='lat' dir='ltr'><strong>has</strong></span> <span class='ocrx_word' id='word_1_269' title='bbox 1183 3979 1270 4027; x_wconf 80' lang='lat' dir='ltr'><strong>nativo</strong></span> 
     </span>
     <span class='ocr_line' id='line_1_38' title="bbox 107 4057 1268 4120; baseline -0.006 -7"><span class='ocrx_word' id='word_1_270' title='bbox 107 4067 224 4114; x_wconf 74' lang='lat' dir='ltr'><strong>rtalibtu.</strong></span> <span class='ocrx_word' id='word_1_271' title='bbox 256 4067 344 4114; x_wconf 77' lang='lat' dir='ltr'><strong>nativo</strong></span> <span class='ocrx_word' id='word_1_272' title='bbox 357 4073 380 4115; x_wconf 88' lang='lat' dir='ltr'><strong>et</strong></span> <span class='ocrx_word' id='word_1_273' title='bbox 391 4067 538 4115; x_wconf 71' lang='lat' dir='ltr'><strong>nortatibus</strong></span> <span class='ocrx_word' id='word_1_274' title='bbox 549 4066 644 4116; x_wconf 82' lang='lat' dir='ltr'><strong>Avanc.</strong></span> <span class='ocrx_word' id='word_1_275' title='bbox 659 4064 688 4112; x_wconf 89' lang='lat' dir='ltr'><strong>in</strong></span> <span class='ocrx_word' id='word_1_276' title='bbox 699 4067 774 4114; x_wconf 85' lang='lat' dir='ltr'><strong>notes</strong></span> <span class='ocrx_word' id='word_1_277' title='bbox 789 4065 817 4111; x_wconf 88' lang='lat' dir='ltr'><strong>at</strong></span> <span class='ocrx_word' id='word_1_278' title='bbox 832 4060 883 4111; x_wconf 90' lang='lat' dir='ltr'><strong>end</strong></span> <span class='ocrx_word' id='word_1_279' title='bbox 896 4061 924 4111; x_wconf 85' lang='lat' dir='ltr'><strong>of</strong></span> <span class='ocrx_word' id='word_1_280' title='bbox 939 4059 981 4109; x_wconf 92' lang='lat' dir='ltr'><strong>his</strong></span> <span class='ocrx_word' id='word_1_281' title='bbox 997 4059 1124 4120; x_wconf 80' lang='lat' dir='ltr'><strong>Catullus,</strong></span> <span class='ocrx_word' id='word_1_282' title='bbox 1137 4057 1189 4107; x_wconf 89' lang='lat' dir='ltr'><strong>and</strong></span> <span class='ocrx_word' id='word_1_283' title='bbox 1200 4057 1268 4120; x_wconf 80' lang='lat' dir='ltr'><strong>vulg.</strong></span> 
     </span>
     <span class='ocr_line' id='line_1_39' title="bbox 106 4139 1270 4198; baseline -0.004 -4"><span class='ocrx_word' id='word_1_284' title='bbox 106 4148 154 4198; x_wconf 76' lang='lat' dir='ltr'><strong>tivo</strong></span> <span class='ocrx_word' id='word_1_285' title='bbox 164 4149 194 4196; x_wconf 78' lang='lat' dir='ltr'><strong>in</strong></span> <span class='ocrx_word' id='word_1_286' title='bbox 203 4147 350 4196; x_wconf 77' lang='lat' dir='ltr'><strong>mortalibus</strong></span> <span class='ocrx_word' id='word_1_287' title='bbox 361 4145 427 4198; x_wconf 87' lang='lat' dir='ltr'><strong>Mar.</strong></span> <span class='ocrx_word' id='word_1_288' title='bbox 526 4147 574 4195; x_wconf 86' lang='grc'><strong>245</strong></span> <span class='ocrx_word' id='word_1_289' title='bbox 590 4149 650 4195; x_wconf 84' lang='lat' dir='ltr'><strong>item</strong></span> <span class='ocrx_word' id='word_1_290' title='bbox 661 4145 746 4195; x_wconf 87' lang='lat' dir='ltr'><strong>Bentl.</strong></span> <span class='ocrx_word' id='word_1_291' title='bbox 758 4145 798 4194; x_wconf 82' lang='lat' dir='ltr'><strong>for</strong></span> <span class='ocrx_word' id='word_1_292' title='bbox 808 4146 882 4193; x_wconf 82' lang='lat' dir='ltr'><strong>idem.</strong></span> <span class='ocrx_word' id='word_1_293' title='bbox 976 4142 1024 4190; x_wconf 87' lang='grc'><strong>248</strong></span> <span class='ocrx_word' id='word_1_294' title='bbox 1040 4142 1082 4189; x_wconf 82' lang='lat' dir='ltr'><strong>Me</strong></span> <span class='ocrx_word' id='word_1_295' title='bbox 1093 4141 1156 4189; x_wconf 76' lang='lat' dir='ltr'><strong>milti</strong></span> <span class='ocrx_word' id='word_1_296' title='bbox 1168 4139 1190 4188; x_wconf 93' lang='lat' dir='ltr'>B</span> <span class='ocrx_word' id='word_1_297' title='bbox 1201 4143 1270 4189; x_wconf 85' lang='lat' dir='ltr'><strong>most</strong></span> 
     </span>
     <span class='ocr_line' id='line_1_40' title="bbox 106 4220 1270 4292; baseline -0.006 -15"><span class='ocrx_word' id='word_1_298' title='bbox 106 4226 172 4292; x_wconf 85' lang='lat' dir='ltr'><strong>htly.</strong></span> <span class='ocrx_word' id='word_1_299' title='bbox 204 4229 311 4277; x_wconf 79' lang='lat' dir='ltr'><strong>Memini</strong></span> <span class='ocrx_word' id='word_1_300' title='bbox 326 4227 358 4278; x_wconf 79' lang='lat' dir='ltr'><strong>A.</strong></span> <span class='ocrx_word' id='word_1_301' title='bbox 391 4229 492 4277; x_wconf 82' lang='lat' dir='ltr'><strong>Memmi</strong></span> <span class='ocrx_word' id='word_1_302' title='bbox 509 4228 591 4291; x_wconf 66' lang='lat' dir='ltr'><strong>vulg:</strong></span> <span class='ocrx_word' id='word_1_303' title='bbox 609 4227 690 4277; x_wconf 79' lang='lat' dir='ltr'><strong>hence</strong></span> <span class='ocrx_word' id='word_1_304' title='bbox 707 4226 800 4276; x_wconf 86' lang='lat' dir='ltr'><strong>Lamb.</strong></span> <span class='ocrx_word' id='word_1_305' title='bbox 816 4242 853 4275; x_wconf 77' lang='lat' dir='ltr'><strong>me</strong></span> <span class='ocrx_word' id='word_1_306' title='bbox 870 4226 1007 4288; x_wconf 75' lang='lat' dir='ltr'><strong>arripuisse</strong></span> <span class='ocrx_word' id='word_1_307' title='bbox 1022 4225 1062 4273; x_wconf 84' lang='lat' dir='ltr'><strong>ior</strong></span> <span class='ocrx_word' id='word_1_308' title='bbox 1077 4224 1225 4285; x_wconf 58' lang='lat' dir='ltr'><strong>adripuisse</strong></span> <span class='ocrx_word' id='word_1_309' title='bbox 1241 4220 1270 4270; x_wconf 94' lang='lat' dir='ltr'><strong>in</strong></span> 
     </span>
     <span class='ocr_line' id='line_1_41' title="bbox 106 4303 1270 4360; baseline -0.004 -3"><span class='ocrx_word' id='word_1_310' title='bbox 106 4310 123 4357; x_wconf 85' lang='lat' dir='ltr'><strong>l.</strong></span> <span class='ocrx_word' id='word_1_311' title='bbox 243 4308 290 4359; x_wconf 91' lang='grc'><strong>251</strong></span> <span class='ocrx_word' id='word_1_312' title='bbox 307 4325 357 4359; x_wconf 83' lang='lat' dir='ltr'><strong>non</strong></span> <span class='ocrx_word' id='word_1_313' title='bbox 367 4312 440 4360; x_wconf 79' lang='lat' dir='ltr'><strong>nullo</strong></span> <span class='ocrx_word' id='word_1_314' title='bbox 450 4309 521 4358; x_wconf 84' lang='lat' dir='ltr'><strong>Nico.</strong></span> <span class='ocrx_word' id='word_1_315' title='bbox 534 4309 622 4358; x_wconf 72' lang='lat' dir='ltr'><strong>(lamb,</strong></span> <span class='ocrx_word' id='word_1_316' title='bbox 634 4309 693 4358; x_wconf 84' lang='lat' dir='ltr'><strong>Ver.</strong></span> <span class='ocrx_word' id='word_1_317' title='bbox 705 4308 771 4358; x_wconf 88' lang='lat' dir='ltr'><strong>Ven.</strong></span> <span class='ocrx_word' id='word_1_318' title='bbox 782 4307 848 4356; x_wconf 84' lang='lat' dir='ltr'><strong>Mar.</strong></span> <span class='ocrx_word' id='word_1_319' title='bbox 859 4308 899 4355; x_wconf 84' lang='lat' dir='ltr'><strong>lor</strong></span> <span class='ocrx_word' id='word_1_320' title='bbox 910 4321 959 4355; x_wconf 77' lang='lat' dir='ltr'><strong>noa</strong></span> <span class='ocrx_word' id='word_1_321' title='bbox 968 4307 1031 4356; x_wconf 67' lang='lat' dir='ltr'><strong>alm.</strong></span> <span class='ocrx_word' id='word_1_322' title='bbox 1149 4304 1196 4355; x_wconf 84' lang='grc'><strong>257</strong></span> <span class='ocrx_word' id='word_1_323' title='bbox 1213 4303 1270 4352; x_wconf 81' lang='lat' dir='ltr'><strong>olid</strong></span> 
     </span>
    </p>
   </div>
   <div class='ocr_carea' id='block_1_4' title="bbox 151 4390 1182 4458">
    <p class='ocr_par' dir='ltr' id='par_1_32' title="bbox 151 4390 1182 4458">
     <span class='ocr_line' id='line_1_42' title="bbox 151 4390 1182 4458; baseline -0.006 -2"><span class='ocrx_word' id='word_1_324' title='bbox 151 4409 188 4458; x_wconf 82' lang='lat' dir='ltr'><strong>m.</strong></span> <span class='ocrx_word' id='word_1_325' title='bbox 1141 4390 1182 4450; x_wconf 77' lang='lat'><strong>14</strong></span> 
     </span>
    </p>
   </div>
   <div class='ocr_carea' id='block_1_5' title="bbox 0 0 1424 4792">
    <p class='ocr_par' dir='ltr' id='par_1_33' title="bbox 0 0 1424 4792">
     <span class='ocr_line' id='line_1_43' title="bbox 0 0 1424 4792; baseline 0 0"><span class='ocrx_word' id='word_1_326' title='bbox 0 0 1424 4792; x_wconf 95' lang='lat' dir='ltr'><strong> </strong></span> 
     </span>
    </p>
   </div>
  </div>
 </body>
</html>
